3116 4780
836 453 842 466 -
872 399 896 477 8

338 647 411 694 eum
434 647 506 693 cum
524 625 668 692 Sullanis
689 626 722 690 in
741 625 842 688 ltalia
865 630 976 690 contra
996 623 1159 689 Marianos
1181 639 1355 706 pugnasse.
1399 618 1439 685 ld

337 743 445 802 autem
463 737 582 803 bellum
601 757 672 801 oum
690 734 731 800 ab
749 736 841 824 initio
859 735 936 802 anni
955 725 1069 820 671183
1095 731 1170 817 (quo
1189 731 1280 797 Sulla
1298 731 1439 795 accessit

337 847 381 913 ad
398 841 620 928 Brundisium)
636 865 737 928 usque
756 845 799 909 ad
817 843 995 911 Kalendas·
1002 842 1201 910 Novembres
1223 841 1300 910 anni
1319 832 1436 928 672182

337 956 482 1040 duraret,
504 955 594 1020 illum
612 955 761 1022 existimo
776 964 851 1034 port
868 953 1037 1020 Kalendas
1054 951 1253 1019 Novembres
1270 973 1300 1017 a.
1317 943 1437 1038 elatea

337 1065 498 1147 legatione
520 1065 728 1150 Hispaniensi
752 1064 895 1130 iunctum
922 1083 994 1129 esse
1020 1063 1158 1129 tortasse
1186 1061 1245 1127 sub
1270 1061 1436 1129 (11111110

338 1176 443 1242 Lusco
460 1181 617 1260 praetore.
661 1175 742 1240 Hum
762 1175 846 1240 enim
869 1173 975 1256 Sulla,
999 1193 1070 1238 curn
1088 1171 1172 1238 bello
1194 1171 1343 1238 ln=ltalia
1362 1191 1437 1236 con-

336 1283 419 1349 fecto
437 1287 600 1370 copiarum
617 1305 681 1350 non
699 1285 764 1350 iarn
782 1304 860 1350 usus
878 1288 976 1366 esset,
993 1283 1028 1349 in
1045 1283 1228 1348 ulteriorem
1242 1281 1437 1365 Hispaniam

338 1400 448 1460 eontra
466 1395 503 1475 Q.
521 1395 696 1461 Sertorium
720 1395 822 1479 misit,
846 1394 901 1478 qui
925 1414 954 1458 a.
973 1384 1088 1480 671188
1106 1391 1298 1475 Hispaniam
1316 1390 1437 1456 Maria-
1503 1385 1504 1438 l

338 1524 452 1569 narum
470 1506 610 1588 partium
627 1511 757 1589 praetor
777 1500 1061 1587 occupaveratlll.

398 1645 400 1649 ·
421 1614 499 1679 Post
509 1613 756 1698 Hispaniensem
770 1614 980 1676 Macedonico
995 1615 1116 1694 legatio
1130 1617 1301 1678 consecuta
1314 1607 1437 1693 ost³⁰).

339 1725 420 1788 Eam
439 1729 547 1789 autern
565 1743 594 1789 a.
609 1715 723 1810 676178
737 1724 790 1789 vel
804 1714 919 1810 677177
937 1725 989 1790 vel
1007 1743 1064 1808 per
1081 1721 1175 1788 ambo
1194 1739 1296 1786 annos
1315 1719 1438 1786 obiisse

338 1833 506 1898 Fonteium
517 1834 786 1899 verisimillimum
800 1840 848 1899 est
867 1833 925 1900 sub
939 1834 1044 1918 Appio
1061 1831 1206 1915 Claudio,
1223 1831 1438 1898 Macedoniae

337 1944 536 2026 proconsule.
588 1945 621 2009 Is
648 1943 733 2009 enirn
760 1943 816 2010 1110
841 1951 984 2028 tempore
1010 1943 1129 2009 bellum
1157 1961 1228 2008 cum
1255 1939 1438 2006 Thracibus

337 2051 452 2135 gessit,
471 2053 538 2135 qui,
554 2053 691 2119 revulsis
709 2055 809 2119 semel
821 2053 973 2119 Archelai
990 2053 1167 2137 irruptione
1185 2051 1345 2133 claustris,
1362 2071 1437 2115 curn

337 2161 501 2228 Dardanis
533 2163 670 2245 aliisque
701 2162 844 2229 finitimis
872 2162 1019 2230 barbaris
1053 2164 1205 2229 miseram
1235 2160 1437 2244 provinciam

338 2271 559 2338 crudelissime
573 2271 737 2336 vexabant
746 2268 807 2366 ³¹1).
835 2273 982 2339 Ceterum
1000 2275 1064 2340 nisi
1081 2277 1177 2356 putas
1194 2291 1247 2337 res
1265 2271 1437 2336 aFonteio

337 2381 372 2445 in
395 2381 586 2448 Macedonia
612 2388 721 2464 gestas
747 2383 843 2448 nimis
870 2386 983 2450 tollere
1007 2384 1207 2464 Ciceronem,
1235 2380 1437 2464 coniecerim,

338 2489 478 2573 Appium
506 2491 676 2556 Claudium
706 2490 792 2558 bello
824 2494 907 2558 ultro
940 2493 1108 2560 inferendo
1134 2510 1296 2576 pugnasse
1322 2495 1437 2554 contra

339 2598 491 2683 Thracas,
510 2599 645 2666 Fonteio
659 2606 767 2666 autem
782 2602 1005 2669 Macedoniam
1020 2601 1256 2668 defendendam
1274 2618 1313 2665 ao
1333 2605 1437 2664 custo-

338 2707 491 2773 diendam
509 2709 692 2776 tradidisse.

273 2807 274 2812 ’
424 2820 596 2883 Aeditttate
614 2820 742 2886 omnino
755 2840 818 2886 non
831 2819 975 2887 functum
993 2842 1064 2888 esse
1081 2822 1251 2887 Fonteium
1268 2819 1437 2904 probabile

338 2932 401 3009 est,
427 2948 491 2992 non
519 2934 585 2993 tarn
612 2929 652 2994 ob
678 2931 815 3013 primam
842 2949 987 3016 causam,
1014 2951 1110 3014 quam
1136 2931 1232 2997 huius
1257 2932 1305 2998 rei
1327 2931 1437 2996 attulit

338 3035 606 3124 Niebuhrius32),
640 3041 726 3122 quod
763 3039 823 3105 hoc
856 3061 972 3106 munus
1008 3042 1042 3107 in
1077 3042 1280 3126 peroratione
1307 3040 1435 3108 silentio

338 3148 539 3228 praeterierit
557 3149 667 3215 Cicero
695 3148 784 3233 (nam
802 3151 836 3216 in
854 3153 923 3217 1000
942 3152 1050 3235 aliquo
1068 3154 1236 3238 orationis,
1263 3153 1318 3236 qui
1341 3149 1436 3216 nobis

338 3258 447 3341 periit,
482 3258 523 3324 de
554 3259 721 3326 aedilitate
752 3260 880 3326 Fonteii
914 3262 1006 3326 illum
1040 3282 1137 3344 agere
1167 3262 1312 3348 potuisse
1340 3281 1436 3328 nemo

338 3395 548 3406 -----.----.-.-..Ι

409 3460 454 3527 29)
472 3459 519 3516 cli.
538 3461 605 3514 Plut.
624 3459 720 3514 Sertor.
737 3468 759 3526 7,
777 3459 930 3514 Mommsen.
948 3459 964 3512 1.
978 3476 999 3514 c.
1018 3460 1058 3525 ll,
1076 3477 1101 3528 p.
1116 3468 1173 3513 331.

408 3546 453 3611 30)
471 3544 516 3599 cfr.
533 3563 572 3613 pr.
585 3545 662 3598 Font.
679 3527 700 3613 ξ.
714 3556 747 3600 44
760 3546 831 3616 [34]:
847 3577 879 3587 -
893 3546 1025 3602 Obiicitur
1040 3551 1132 3600 contra
1149 3546 1260 3600 istorum
1279 3545 1436 3616 [Gallorum]

339 3627 452 3695 impetus
475 3629 641 3695 Macedonia,
668 3631 754 3684 fidelis
777 3637 804 3684 01
826 3631 910 3685 aulica
930 3629 1029 3697 populo
1053 3630 1172 3684 Romano
1191 3630 1339 3697 provincia:
1367 3644 1438 3696 quae

339 3729 399 3766 cum
417 3729 445 3767 se
464 3729 494 3767 ac
513 3731 574 3769 suus
591 3716 671 3770 urbes
687 3731 741 3768 non
758 3716 843 3768 solum
860 3715 982 3780 consilio,
1010 3715 1057 3769 sed
1081 3715 1160 3768 etiam
1178 3731 1258 3768 manu
1277 3715 1311 3770 Μ.
1330 3714 1439 3768 Fonteii

339 3805 519 3852 conservatam
539 3815 596 3854 esse
615 3800 697 3865 dicat,
717 3806 747 3854 ut
763 3800 810 3853 illa
827 3814 875 3868 per
892 3799 962 3853 hunc
975 3816 992 3852 a
1007 3801 1156 3854 1111000111
1174 3800 1288 3854 adventu
1306 3815 1337 3854 ac
1355 3799 1438 3868 depo-

339 3881 473 3948 pulatione
491 3883 601 3938 detensa
617 3891 669 3950 est,
689 3885 726 3938 sic
743 3885 779 3939 ab
793 3883 871 3937 huius
884 3901 954 3938 nunc
966 3887 1052 3954 capite
1068 3884 1206 3940 Gallorum
1219 3885 1332 3953 impetus
1349 3892 1436 3938 terro-

339 3981 433 4033 resque
452 3968 567 4036 depellit.
769 4022 771 4026 .
830 4003 833 4008 ·
1038 3972 1043 3981 '

409 4055 454 4120 31)
476 4053 532 4107 Liv.
559 4054 620 4122 epit.
647 4055 724 4108 XCI:
758 4057 807 4122 Ap.
835 4054 961 4109 Claudius
991 4058 1134 4125 proconsul
1164 4055 1282 4109 Thracas
1313 4055 1440 4123 pluribus

336 4138 447 4206 proeliis
465 4139 533 4192 vicit.

409 4225 454 4293 32)
471 4225 487 4278 l.
501 4241 522 4280 c.
540 4241 566 4292 p.
582 4233 623 4278 43.
