3116 4780
671 274 840 412 —u—

97 529 101 534 '
208 517 278 601 ipse
295 517 373 602 quid
391 518 432 584 de
450 537 489 582 ea
507 537 543 582 re
560 517 708 600 sentiam,
730 516 871 601 profiteri
892 523 1014 602 potero,
1036 517 1079 583 ad
1101 518 1300 602 propositum

207 633 351 692 nostrum
367 627 546 694 redeamus.
1206 705 1213 724 ,

293 738 377 804 Ante
404 739 511 804 omnia
531 744 640 804 autem
666 736 743 820 quid
771 736 812 801 de
834 737 1031 818 singulorum
1058 737 1200 804 virorum
1226 738 1300 804 doe

206 854 311 912 torum
329 848 498 914 sententiis
516 846 723 912 iudiesndum
740 846 794 930 sit,
811 845 993 910 videamusl

292 957 340 1022 Ae
355 956 492 1040 primum
509 951 765 1038 Niebuhrius¹⁷)
783 954 865 1020 haee
883 955 924 1020 de
932 953 1060 1021 Fonteii
1071 963 1301 1040 propraeturae

207 1067 303 1132 annis
320 1065 412 1132 dieit:
428 1066 479 1131 De
491 1065 631 1132 triennio
644 1066 702 1131 illo
710 1065 745 1132 id
753 1065 884 1148 quidem
895 1071 1050 1149 eonstare,
1068 1087 1106 1131 eo
1120 1067 1300 1150 imperante

206 1176 382 1241 exereitum
400 1174 456 1242 On.
498 1176 643 1260 Pompeii
668 1177 703 1243 in
720 1177 779 1242 illa
795 1175 961 1260 provincie
979 1173 1227 1258 hibernasse¹⁸l
1253 1175 1300 1241 id·
1366 1159 1368 1164 ¹

205 1303 268 1366 que
286 1285 442 1351 aeoidisse
459 1287 594 1353 Lueullo
612 1293 645 1352 et
664 1284 757 1351 06116
775 1305 846 1350 eoss
863 1304 894 1348 6.
912 1275 1036 1372 689174.

289 1395 338 1462 Ae
363 1396 529 1480 superiore
553 1417 641 1463 anno
667 1387 811 1482 (679175)
847 1394 1023 1460 maximum
1057 1394 1208 1460 frumenti
1242 1415 1300 1459 nu·

204 1523 328 1569 merum
346 1504 424 1570 inde
448 1505 491 1569 ed
509 1506 685 1572 exereitum
699 1506 882 1574 ‚Romanum
904 1504 1073 1570 adveutum
1091 1524 1177 1587 esse,
1195 1525 1236 1570 ex
1252 1491 1300 1588 ip·

152 1615 154 1618 ’
204 1614 274 1680 sius
283 1614 429 1697 Pompeii
448 1615 587 1698 epistula
605 1613 762 1697 oog'nosoi,
781 1633 877 1705 quum
895 1613 998 1680 isdem
1009 1633 1088 1679 eoss.
1108 1615 1201 1680 initio
1220 1613 1298 1680 anni

203 1723 248 1788 ad
266 1729 413 1789 senatum
431 1723 595 1807 seripserit
612 1744 653 1789 ex
670 1723 840 1788 Vaeeeeis:
857 1723 893 1789 id
909 1729 1017 1788 autern
1034 1722 1170 1788 Fonteio
1188 1743 1299 1807 prouu-

203 1837 297 1899 rante
321 1833 440 1898 laetum
467 1830 608 1915 6666191.
656 1833 694 1898 16
721 1833 940 1916 quaerendum
964 1838 1099 1917 restare,
1125 1840 1232 1898 utrum
1255 1833 1299 1898 ad

203 1942 418 2025 supplendum
435 1941 609 2007 triennium
628 1943 657 2007 is
680 1963 785 2008 onnus
807 1941 1031 2008 attribuendus
1049 1943 1104 2026 sit,
1127 1944 1181 2026 qui
1206 1963 1298 2028 prae·

203 2051 351 2133 eesserit,
369 2064 412 2116 an
430 2053 494 2136 ille,
512 2053 566 2134 qui
585 2059 714 2118 seoutus
733 2053 783 2117 sit.
825 2051 869 2149 Se
887 2051 1037 2117 arbitrari
1054 2052 1224 2118 Fonteium
1240 2053 1298 2118 im·

202 2159 328 2242 perium
345 2161 379 2225 in
399 2160 508 2227 Gallia
523 2163 705 2247 suseepisse
724 2165 760 2229 L.
778 2161 912 2228 Oetavio
938 2167 970 2228 et
993 2160 1027 2226 0.
1050 2160 1143 2226 Cotta
1166 2181 1246 2227 eoss.
1267 2182 1298 2234 ,6.

203 2261 326 2358 679175,
345 2262 447 2354 eoque
460 2271 531 2355 ipso
549 2273 741 2338 frumentum
759 2274 793 2338 in
810 2272 1001 2356 Hispaniam
1019 2271 1155 2336 misisse.

182 2389 186 2396 '
287 2379 400 2462 Itaque
423 2382 451 2447 si
469 2381 624 2447 Fonteius
651 2401 680 2446 a.
698 2379 813 2464 679175
840 2383 1009 2466 imperium
1035 2382 1069 2446 in
1092 2381 1202 2446 Gellia
1229 2404 1297 2448 sus·

201 2489 332 2573 peperit,
348 2509 482 2556 neeesse
501 2511 588 2573 esse,
605 2489 640 2555 id
657 2491 748 2556 illurn
765 2505 960 2574 perannum
979 2482 1094 2577 681173
1117 2492 1298 2559 retinuisse.

287 2594 392 2674 Quem
410 2599 603 2665 sententiam
616 2601 726 2683 plures
744 2600 919 2667 ob'eeusas
929 2622 993 2667 non
1003 2599 1112 2684 probo.
1155 2601 1297 2667 Primum

201 2706 289 2771 enim
313 2707 340 2772 si
362 2714 455 2790 66161
472 2708 670 2776 Niebuhrius
693 2731 799 2793 exeo,
821 2711 906 2793 quod
924 2731 952 2776 a.
971 2701 1087 2797 679175
1105 2711 1235 2777 Metello
1256 2731 1297 2776 ex

98 2906 100 2908 -
201 2815 311 2882 Gallia
337 2817 530 2884 frumentum
560 2820 694 2885 missum
726 2825 774 2884 est
809 2819 955 2902 quodque
982 2819 1137 2884 Fonteius
1171 2838 1296 2903 quoque

201 2921 310 3007 (quem
328 2925 481 3010 Pompeio
505 2927 695 2995 hibernante
720 2930 755 2994 in
779 2929 887 2998 Gallie
906 2949 934 2992 6.
958 2919 1073 3013 689174
1097 2929 1145 2994 1111
1168 2931 1296 3014 provin·
1423 2947 1427 2956 ·

201 3032 273 3098 6166
289 3035 471 3117 praefuisse
488 3036 593 3104 libens
603 3034 756 3121 oonoedo)
767 3039 943 3103 maximum
961 3038 1111 3102 frumenti
1129 3060 1295 3105 numerum

200 3142 244 3206 ad
270 3143 485 3227 Hispaniense
511 3146 630 3211 bellum
657 3148 860 3214 tolerandum
885 3148 989 3214 Gallis
1015 3148 1194 3232 imperavit,
1223 3169 1295 3214 oon-

200 3252 331 3319 eludere
350 3275 384 3320 se
400 3274 496 3338 posse
513 3263 615 3340 putat,
636 3259 765 3322 nonnisi
794 3257 955 3320 Fonteium
978 3258 1112 3320 Metello
1139 3278 1295 3323 6666666-

200 3368 252 3428 tus
269 3364 412 3451 misisse,
430 3385 599 3448 perperam
615 3367 746 3433 iudioat.
789 3355 900 3432 Faeile
919 3368 1005 3432 enim
1024 3367 1228 3448 intelligitur,
1248 3375 1294 3432 te·

199 3472 263 3536 lem
281 3475 591 3555 argumentationem
613 3476 694 3541 nihil
712 3477 803 3541 aliud
825 3496 897 3542 esse
915 3477 979 3542 nisi
1001 3477 1172 3560 „eireulum
1190 3477 1294 3567 16116-

200 3580 427 3649 monstrando“
444 3585 513 3650 sive
529 3586 736 3670 „petitionem
756 3582 934 3670 prineipii“,
952 3605 1048 3667 quam
1066 3585 1177 3667 lugere
1193 3585 1294 3668 philo-

199 3689 372 3773 sophorum
395 3693 542 3761 iubemur
559 3697 749 3780 praeseptis,
776 3702 808 3761 et
830 3716 912 3778 eum,
936 3695 990 3777 qui
1007 3694 1137 3760 Metello
1155 3695 1294 3761 frumen-

198 3805 267 3862 tum
287 3820 329 3866 ex
354 3801 464 3870 Gallia
487 3804 727 3872 subvehendum
750 3807 910 3872 ouraverit
932 3806 1032 3871 alium
1058 3824 1098 3870 66
1124 3803 1294 3871 Fonteium

202 3919 414 3932 -ῄ--η-

270 3969 316 4034 17)
333 3967 349 4022 l.
363 3985 384 4022 e.
401 3985 427 4038 p.
442 3978 474 4022 14
484 3985 520 4037 sq.

271 4054 316 4120 re)
333 4070 372 4121 pr.
389 4051 465 4108 Foru.
484 4064 521 4115 re,
535 4056 585 4127 [e].

270 4139 315 4208 19)
332 4153 370 4206 pr.
386 4137 463 4192 Font
480 4145 501 4206 6.
517 4148 547 4195 1³
568 4142 616 4212 [9].
