3116 4780
626 282 795 398 Q

248 502 329 578 Tres
347 506 379 566 et
396 502 512 587 viginti
530 505 608 571 anni
626 504 731 573 exacti
748 511 851 590 erant,
873 512 1043 589 postquam
1060 503 1259 572 Niebuhrius

161 611 344 694 fragmenta
361 612 419 679 illa
437 612 478 678 ab
496 615 709 698 ipseinuenta
727 616 837 700 edidit,
855 636 927 681 cum
945 617 1050 682 denuo
1062 617 1141 682 viris
1157 617 1261 682 doctis

164 742 239 807 spes
265 723 404 808 affulsit,
425 724 508 808 fore,
534 731 570 792 ut
593 746 677 792 nova
699 727 881 809 fragmenta
904 725 1027 791 adeas
1050 734 1158 812 partes
1176 728 1259 794 Fon·

163 833 293 899 teianae
310 833 510 917 accederent,
527 855 610 919 quae
628 835 693 901 iam
711 835 895 920 publicatae
914 842 1015 902 erant.

248 941 342 1010 Anno
368 945 454 1010 enim
476 965 506 1028 p.
523 944 596 1012 Chr.
616 967 646 1010 n.
673 950 753 1012 1843
772 946 959 1012 Theodorus
982 945 1099 1013 Oehler
1122 947 1260 1017 Franco·

162 1053 316 1120 lurtensis
335 1053 464 1120 Baitero
488 1034 655 1123 Turicensi
672 1057 848 1143 nuntiavit,
874 1077 908 1122 se
930 1057 964 1122 in
987 1056 1096 1123 codiee
1114 1056 1260 1124 coenobii

164 1163 332 1229 cuiusdam
354 1171 476 1232 tractus
494 1166 643 1234 Rhenani
661 1165 822 1235 inferioris
844 1175 974 1252 praeter
996 1168 1062 1233 alia
1078 1167 1260 1250 fragmenta

163 1274 379 1358 quadraginta
401 1275 469 1341 fere
489 1297 603 1342 versus
625 1278 766 1344 ineditos
789 1279 989 1344 Fonteianae
1011 1277 1175 1345 invenisse
1202 1298 1260 1345 un-

163 1404 279 1468 umque
297 1385 511 1468 fragmentum
525 1384 554 1469 ⁷)
573 1407 644 1452 cum
663 1408 701 1454 eo
715 1388 961 1461 communicavit
972 1385 1011 1471 ⁸).
1054 1386 1134 1453 Oum
1152 1395 1261 1453 antem

162 1487 249 1558 haud
284 1495 332 1560 ita
363 1497 462 1562 mullo
494 1504 567 1581 post
595 1497 712 1566 Oehler
742 1506 886 1566 mortuus
919 1505 1016 1580 esset,
1047 1498 1166 1563 imstra
1197 1497 1260 1563 viri

163 1603 247 1670 docti
272 1603 314 1676 ab
338 1605 408 1671 eius
430 1606 530 1672 lratre
553 1607 727 1692 impetrare
748 1607 953 1690 studuerunt,
980 1613 1015 1673 ut
1044 1607 1180 1673 schedas
1206 1606 1260 1672 de·

162 1714 263 1780 irmcti
289 1716 343 1781 vel
365 1717 484 1782 codicis
508 1719 672 1803 exemplar
696 1719 758 1785 sibi
782 1717 933 1786 traderet.
974 1717 1076 1782 Homo
1095 1717 1180 1782 enim
1197 1716 1260 1781 illi-

162 1822 282 1890 beralis
313 1827 430 1891 mortui
464 1827 650 1894 thesaurum
689 1829 855 1910 „draconis
890 1828 1010 1893 instar“
1049 1824 1261 1908 custodiebat,

164 1941 353 2019 exspectans
379 1935 467 2003 haud
493 1937 605 2022 dubie,
627 1940 703 2005 dum
730 1939 848 2022 aliquis
873 1937 1014 2020 reniret,
1036 1936 1091 2021 qui
1116 1936 1259 2018 singulos

161 2065 275 2112 versus
292 2047 399 2112 numis
416 2049 525 2114 aureis
543 2049 701 2116 redimere
718 2050 817 2116 vellet
830 2047 871 2131 ⁹).

247 2156 392 2222 Tandem
410 2158 465 2224 illo
483 2159 584 2226 codex
601 2160 750 2226 inventus
769 2165 819 2226 est
832 2160 865 2226 in
880 2157 1072 2224 bibliotheca
1085 2154 1260 2223 nosocomii

162 2267 225 2334 rici
252 2265 358 2332 (lusae
384 2265 511 2353 (Ores),
538 2270 591 2336 siti
612 2268 701 2336 haud
726 2271 838 2353 procul
863 2268 905 2334 ab
927 2267 1045 2352 oppido
1070 2265 1260 2333 Berncastel

163 2378 204 2443 ad
227 2378 396 2444 Mosellam
418 2378 653 2462 diligenterque
681 2384 730 2445 est
756 2379 938 2463 descriptus
964 2401 983 2444 a
1005 2379 1030 2443 Ι.
1053 2375 1183 2444 Kleinio
1212 2372 1259 2457 (in

163 2485 281 2571 libello,
300 2488 390 2576 ouius
403 2493 453 2553 est
466 2488 593 2554 titulus:
611 2487 718 2555 Ueber
730 2489 802 2556 eine
813 2489 1022 2556 Handschriit
1036 2487 1095 2554 des
1105 2486 1260 2552 Nicolaus

163 2618 224 2663 von
254 2596 339 2664 (ines
374 2596 468 2664 nebat
498 2598 742 2681 ungedruckten
776 2598 994 2681 Fragmenten
1019 2594 1261 2664 'ciceronischer

162 2708 283 2791 Reden,
300 2708 411 2775 Berlin
431 2705 536 2791 1866).

246 2818 401 2884 Nicolaus
423 2818 509 2884 enim
532 2818 573 2884 de
597 2817 697 2899 (lusa,
724 2815 961 2882 illustrissimus
984 2817 1040 2882 ille
1064 2817 1138 2881 aevi
1160 2815 1260 2881 medii

162 2929 337 2995 cardinalis
360 2929 441 2994 illud
465 2929 682 2995 nosocomium
705 2925 893 2991 condiderat
918 2926 1121 3009 moriensque
1147 2925 1259 2991 biblic-

162 3036 287 3104 thecam
305 3059 405 3122 suam,
423 3038 562 3104 maximo
580 3035 810 3118 hebraicorum,
833 3054 1020 3116 graecorum
1038 3043 1070 3102 et
1086 3036 1259 3101 latinorum

162 3147 307 3214 codicum
333 3168 466 3238 numero
493 3153 640 3212 ornatam
664 3146 699 3211 in
724 3131 891 3230 posterum¹
914 3151 1041 3230 tempus
1067 3145 1113 3211 ibi
1137 3145 1259 3211 servari

161 3256 307 3322 iusserat.
351 3257 459 3339 Etiam
476 3277 561 3322 nune
578 3256 684 3322 Ousae
702 3262 734 3321 et
752 3255 839 3320 aliae
857 3256 927 3321 eius
945 3257 1114 3341 relliquiae
1136 3255 1259 3321 inveni-

162 3373 258 3432 untur
281 3373 312 3432 et
335 3367 435 3434 codex
458 3366 684 3431 miscellaueus
702 3365 736 3432 O.
755 3369 803 3448 14,
826 3365 917 3429 cuius
939 3366 1043 3432 altera
1061 3387 1137 3452 pars
1160 3364 1259 3431 unde·

162 3476 253 3560 cimo,
271 3479 375 3543 altera
392 3475 581 3542 duodecimo
600 3477 729 3541 saeculo
747 3476 867 3560 scripta
885 3482 943 3540 est.

247 3587 296 3652 Ea
323 3587 397 3653 libri
419 3586 628 3670 manuscripti
649 3605 737 3670 pars,
763 3584 805 3650 de
831 3604 895 3668 qua
917 3587 1015 3668 paulo
1042 3585 1172 3650 uberius
1199 3583 1260 3650 hoc

163 3755 374 3779 .-.....—l-

226 3867 258 3936 .⁷)
276 3865 304 3918 in
323 3879 354 3918 eo
368 3863 469 3917 Kleinii
482 3862 586 3927 libello,
600 3863 633 3916 de
648 3875 700 3929 quo
714 3861 803 3914 statim
815 3860 964 3914 accuratius
979 3859 1064 3913 dicam
1079 3878 1104 3928 p.
1117 3869 1146 3914 61
1162 3861 1208 3914 Nr.
1219 3870 1258 3914 aa.

232 3953 260 4019 8)
279 3949 325 4003 cfr.
342 3949 436 4003 Rhein.
455 3948 521 4002 Mus.
537 3956 610 4013 1843,
628 3948 648 4012 I,
667 3963 691 4014 p.
707 3955 762 4008 130,
780 3961 805 4012 p.
819 3955 876 3999 302.

234 4041 262 4103 9)
280 4034 327 4088 cfr.
343 4034 477 4088 Halmium
499 4034 527 4087 in
549 4033 642 4086 Philol.
660 4031 707 4102 IV,
728 4048 753 4099 p.
773 4039 821 4084 373
836 4045 903 4098 sqq.‚
927 4030 961 4083 ad
983 4029 1207 4097 Ciceronopera
1223 4029 1257 4094 11,

163 4130 187 4185 1,
205 4135 230 4188 p.
243 4127 300 4174 aas.
318 4128 375 4174 rra.
394 4127 454 4185 aro,
473 4127 501 4185 a,
518 4135 542 4186 p.
559 4127 634 4174 roco.
