3116 4780
744 361 913 478 Α

280 585 431 672 ponenda
457 606 543 670 esse,
561 584 856 664 {demonstrandum
883 591 965 669 erat,
990 583 1049 650 illa
1077 605 1141 652 non
1169 582 1212 648 ad
1240 583 1381 646 tarenos

280 697 455 782 pertinere,
478 716 561 780 quae
577 696 661 780 frag.
680 693 773 761 Nieb.
795 695 812 761 I
830 700 861 760 et
878 694 912 760 11
929 700 1114 778 sequuntur.
1155 693 1225 760 Hoe
1247 691 1377 776 quidem

281 813 428 874 onustare
453 805 532 872 mihi
553 805 696 889 videtur,
718 804 798 887 frag.
816 803 889 871 (ius.
915 807 953 868 12
971 824 1037 888 sqq.
1054 825 1118 872 non
1135 802 1286 888 ponenda
1304 823 1377 868 osse

279 923 353 1002 post
364 889 504 1003 primam
520 923 577 983 aut
595 919 731 982 alteram
746 915 906 980 laounam.
939 913 1025 978 Nam
1038 934 1111 979 oum
1127 914 1163 980 in
1180 913 1279 980 tertio
1292 913 1378 996 quod

281 1027 405 1094 invenit
417 1026 616 1093 Niebuhrius
629 1025 809 1108 fragmento
821 1023 933 1092 Gieero
947 1023 988 1088 de
1000 1024 1205 1090 triumviratu
1219 1029 1251 1088 ot
1264 1013 1378 1106 quaes-

281 1143 355 1202 tura
377 1137 506 1204 Fonteii
530 1135 624 1222 (quos
644 1135 855 1218 magistratus
884 1135 998 1196 Rornae
1021 1153 1094 1199 eum
1115 1133 1256 1216 gessisse
1279 1152 1379 1217 supra

281 1245 513 1330 demonstravi)
536 1245 644 1312 dieere
666 1243 794 1310 desinat
811 1249 844 1309 et
865 1243 909 1308 ad
928 1244 1117 1323 legationem
1138 1243 1379 1324 Hispaniensem

281 1361 440 1438 transeat,
466 1356 500 1422 in
527 1356 706 1439 fragmento
737 1372 815 1419 vero
839 1351 967 1419 Cosano
1001 1357 1040 1418 12
1068 1374 1134 1438 sqq.
1158 1375 1224 1420 non
1245 1353 1310 1419 nisi
1336 1351 1380 1417 de

282 1463 399 1529 bellica
419 1468 515 1530 laude
533 1466 660 1533 Fonteii
677 1465 864 1547 disseratur,
882 1463 1096 1545 fragmentum
1114 1462 1231 1531 cumn
1255 1466 1293 1528 12
1312 1482 1380 1546 sqq.

278 1586 355 1655 post
372 1580 497 1639 tertium
514 1570 728 1659 fragmentum
746 1572 839 1640 Nieb.
855 1579 905 1638 est
922 1574 1152 1640 oollooandum.

367 1686 562 1774 Fragmento
579 1691 689 1751 autem
700 1683 774 1751 (ius.
795 1687 826 1762 li
851 1690 957 1749 utrum
968 1691 1041 1768 post
1053 1685 1191 1770 primam
1201 1686 1381 1751 alteramve

282 1798 432 1863 laeunam
453 1815 497 1860 an
520 1800 593 1880 po'st
614 1795 743 1860 tertiam
765 1795 855 1860 loeus
873 1792 1097 1860 attribuendus
1117 1795 1172 1887 sit,
1198 1795 1381 1863 diiudioare
1501 1885 1503 1888 Ι

163 1919 165 1924 ’
283 1928 348 1973 non
365 1906 483 1990 ausim,
506 1926 579 1971 oum
600 1903 700 1970 verba
721 1905 1003 1985 „Varsutissimum
1025 1905 1185 1971 homiuem
1208 1911 1240 1972 et
1263 1907 1298 1972 in
1319 1906 1381 1971 fal-

282 2016 377 2083 leudo
396 2015 714 2082 exereitatissimum“
734 2013 823 2079 haud
836 2012 932 2080 dubie
950 2015 1121 2081 referenda
1139 2015 1203 2081 sint
1220 2014 1264 2081 ad
1280 2037 1380 2082 unum

284 2148 324 2192 ex
349 2125 549 2192 advorsariis
575 2123 702 2190 Fonteii
733 2129 765 2188 et
791 2124 906 2190 ineos
936 2124 1068 2209 saepius
1095 2125 1211 2192 invehi
1235 2127 1380 2211 potuisse

284 2235 469 2302 Oioeronem
494 2240 615 2318 pateat.

368 2344 474 2429 Atque
496 2344 577 2410 haao
597 2343 762 2410 haetenus.
804 2343 898 2410 Nune
920 2364 982 2429 quo
1008 2345 1103 2412 modo
1121 2346 1310 2429 'fragmenta
1337 2348 1379 2414 ab

286 2455 360 2520 aliis
378 2454 586 2538 scriptoribus
605 2460 734 2520 servata
751 2441 955 2540 disponenda*
970 2456 1047 2537 sint,
1070 2449 1248 2527 videamus
1283 2457 1379 2524 -Klei-
1469 2517 1474 2527 .
1541 2463 1542 2470 ’

284 2565 358 2631 nius
383 2563 481 2646 haee,
507 2564 661 2630 insistens
687 2563 775 2629 haud
805 2564 901 2630 dubie
929 2551 1069 2628 oninium
1087 2565 1287 2633 Fonteianae
1313 2567 1380 2632 edi-

283 2682 388 2741 torum
417 2674 578 2758 vestigiis,
608 2675 663 2757 qui
693 2694 734 2739 ea
766 2675 852 2740 inter·
880 2675 993 2758 fragm.
1019 2675 1111 2742 Nieb.
1137 2683 1170 2744 ot
1194 2683 1320 2761 partem
1346 2677 1380 2744 in

284 2786 382 2852 oodio.
416 2783 605 2867 vulgaribus
631 2791 794 2852 servatam
827 2792 1016 2870 posuerunt,
1050 2786 1135 2853 inter
1165 2787 1380 2875 fragmentum

284 2894 359 2962 Ous.
380 2885 429 2960 118
461 2900 494 2960 et
526 2901 652 2978 partem
682 2895 837 2962 orationis
871 2895 905 2961 in
940 2895 1031 2961 oodd.
1060 2897 1185 2978 vulgar.
1205 2903 1380 2963 *servatam
1485 2943 1488 2948 -

284 3005 391 3089 posuit
401 3003 460 3087 ¹⁶).
487 3004 547 3072 Oui
565 3006 767 3089 dispositioni
782 3005 945 3088 Sauppius
962 3026 1085 3073 summo
1102 3007 1172 3073 iure
1190 3006 1308 3074 obieoit
1319 3011 1331 3048 ¹
1341 3005 1381 3090 6),

284 3115 380 3180 feoile
406 3113 475 3180 fieri
501 3115 659 3199 potuisse,
690 3122 726 3181 ut
751 3115 810 3180 illa
835 3115 1017 3198 fragmenta
1044 3116 1205 3200 quondam
1235 3117 1270 3183 in
1300 3117 1380 3184 inte-

284 3244 363 3307 grae
386 3224 541 3290 orationis
566 3224 724 3308 principio
746 3226 800 3290 vel
822 3225 857 3290 in
880 3225 948 3290 alia
972 3227 1042 3292 eius
1068 3227 1146 3292 iam·
1160 3249 1225 3294 non
1250 3234 1381 3294 servata

284 3340 377 3420 parte
396 3335 587 3417 legerentur.
630 3333 694 3400 Gur
712 3341 826 3428 autem
844 3334 1007 3420 Sauppius
1033 3338 1091 3403 illa
1117 3337 1298 3420 fragmenta
1323 3347 1381 3406 aut

284 3451 360 3510 aute
389 3450 446 3509 aut
476 3451 549 3528 post
580 3465 681 3506 omnes
707 3445 907 3512 Fonteianae
932 3447 1099 3530 relliquias
1128 3449 1278 3532 ponenda
1307 3470 1380 3516 oen-

285 3563 368 3639 seat,
393 3555 524 3621 minime
546 3555 655 3638 video,
682 3574 754 3620 eum
774 3539 965 3640 praesertim
991 3558 1109 3641 partim
1137 3556 1237 3625 firmis
1262 3561 1380 3644 partim

284 3663 503 3750 probabilibus
517 3665 716 3748 argumentis
725 3666 832 3732 dooeri
845 3687 941 3751 posse
953 3675 1072 3752 putem,
1085 3666 1129 3732 ad
1138 3687 1219 3751 quas
1233 3670 1380 3753 integrae

285 3775 441 3841 orationis
457 3781 567 3858 partes
585 3774 713 3858 singula
730 3775 911 3859 fragmenta
927 3777 1149 3860 pertinuerint.

374 3882 467 3963 Quod
487 3886 673 3969 priusquam
695 3886 828 3969 faniam,
850 3905 1061 3979 oommemoro
1084 3887 1213 3954 illorum
1238 3888 1379 3955 loeorum

355 4113 401 4180 15)
417 4111 434 4166 l.
447 4128 469 4167 c.
486 4127 512 4180 p.
526 4118 556 4163 61
568 4125 624 4178 sqq.

356 4207 398 4261 16)
414 4198 432 4252 l.
446 4214 467 4254 o.
485 4212 509 4265 p.
524 4203 596 4250 rose.
