3116 4780
620 349 786 465 *m-

238 569 308 636 Nee
325 569 477 653 redargui
495 591 547 637 me
564 591 659 655 posse
677 577 754 656 puto
772 590 819 655 eo,
836 572 924 656 qued
942 569 1014 656 quis
1030 571 1126 656 dieat,
1143 573 1250 658 ipsum

156 701 205 746 me
223 681 303 745 mihi
321 699 517 764 repugnare,
543 701 615 747 eum
633 681 797 748 Metellum
825 702 854 747 a.
877 673 1184 768 679175-680174
1202 684 1249 750 hi-

155 791 255 857 berna
280 790 433 856 habuisse
459 791 495 856 in
519 790 627 856 Gallia
654 793 858 877 abutendam,
882 792 984 858 nihilo
1010 792 1116 859 miuus
1141 801 1249 860 autem

155 901 324 967 Fonteium
343 900 385 965 ab
403 921 488 966 auno
508 897 623 984 680174
643 901 784 968 Galliam
802 902 1082 968 administrantem
1108 921 1147 967 eo
1172 908 1250 969 teru-

154 1030 240 1095 pore,
267 1029 329 1093 quo
346 1011 496 1077 Metellus
509 1011 544 1078 iu
561 1011 619 1078 illa
642 1011 808 1104 provineia
826 1011 1058 1094 hibernaverit,
1084 1011 1129 1076 ibi
1151 1013 1250 1079 fnisse

154 1139 279 1202 negem.
326 1119 410 1185 Nam
429 1109 467 1186 ut
481 1123 689 1204 proconsules
712 1127 744 1186 et
761 1128 984 1205 propraetores
1002 1121 1163 1190 Romanos
1186 1145 1249 1193 non

154 1249 281 1313 semper
297 1229 406 1295 statim
423 1230 535 1314 primis
553 1231 624 1296 eius
641 1231 718 1296 enni
735 1230 913 1314 mensibus,
936 1231 971 1296 in
989 1251 1045 1296 eas
1059 1231 1252 1317 morineias,

154 1360 234 1423 quas
271 1339 375 1404 sortiti
413 1348 520 1423 erant,
554 1343 656 1407 Roma
682 1340 842 1424 profestos
875 1362 946 1408 esse
972 1338 1186 1425 Gaesaris²⁶)
1219 1349 1248 1408 el

154 1448 318 1516 Oioeronis
331 1445 382 1532 Η)
400 1451 558 1534 exemplis
570 1447 801 1533 oomprobatnr,
818 1451 865 1516 sie
876 1439 1046 1518 Fonteium
1057 1473 1095 1518 eo
1108 1443 1251 1538 tempore

154 1561 188 1625 in
205 1561 406 1644 provinciam
424 1561 553 1627 venisse
571 1566 669 1645 patet,
687 1579 748 1644 quo
766 1561 917 1626 Metellus
934 1581 1005 1626 eum
1024 1563 1167 1629 exereitu
1184 1563 1251 1628 iam

153 1672 187 1737 in
204 1671 396 1756 Hispaniam
413 1670 562 1736 redierat

240 1779 327 1846 Satis
358 1781 461 1846 multa
491 1780 532 1846 de
563 1779 691 1845 Fonteii
726 1786 958 1862 propraeturae
990 1785 1134 1863 ternpore
1165 1780 1252 1846 diota

155 1898 242 1956 sunt:
265 1911 351 1956 nuno
374 1909 454 1973 quas
472 1883 524 1956 res
546 1910 604 1974 per
621 1889 795 1955 triennium
813 1888 895 1953 illud
913 1889 1062 1973 gesserit,
1090 1907 1272 1974 exponere.

153 1999 188 2066 in
206 2001 314 2067 auimo
333 2008 391 2066 est.
772 2003 775 2008 '

240 2108 368 2176 (lumin
382 2109 522 2176 Galliam
531 2109 656 2176 veniret
666 2109 829 2192 Fonteius,
838 2107 1089 2192 haudquaquam
1103 2116 1252 2193 paeatam

154 2220 353 2304 provinoiam
375 2220 507 2285 invenit.
550 2220 619 2284 Neo
641 2219 675 2283 id
697 2223 747 2283 est
768 2217 893 2281 mirum.
937 2218 1007 2281 Iam
1024 2237 1122 2303 supra
1139 2219 1251 2285 verisi-

154 2329 324 2394 millimum
347 2349 420 2395 esse
443 2329 689 2395 oommemoravi
702 2325 894 2422 ‘Pompeium
920 2347 951 2408 a..
975 2320 1090 2415 677177
1110 2329 1251 2395 Galliam

151 2441 288 2518 proteus
314 2458 433 2523 paeare
460 2459 564 2522 neque
592 2439 735 2523 potuisse
760 2456 864 2521 neque
889 2437 1044 2522 voluisse,
1072 2459 1144 2504 enm
1174 2437 1252 2504 belli

156 2548 334 2618 Sertoriani
361 2551 463 2614 moles
493 2549 524 2613 ei
553 2549 697 2614 instaret.
752 2549 794 2613 Et
824 2547 884 2612 hoe
915 2565 1039 2630 quoque
1073 2549 1139 2613 iam
1174 2548 1252 2631 dixi,

155 2658 282 2740 Volesus,
299 2658 515 2742 Areeomieos,
530 2659 671 2740 Helvios,
689 2676 769 2740 quos
786 2656 875 2738 agris
899 2657 966 2722 suis
984 2656 1251 2722 desedere‘Pom·

155 2769 247 2852 peius
265 2768 412 2852 iusserat,
430 2789 502 2833 oum
513 2769 675 2832 Romanos
688 2772 719 2831 et
732 2785 803 2830 eum
818 2764 997 2831 Thracibus
1014 2766 1048 2831 in
1061 2765 1252 2830 Maoedonia

157 2885 187 2944 et
218 2898 290 2943 oum
321 2875 461 2943 Sertorio
493 2877 527 2942 in
553 2875 711 2960 Hispania
737 2893 882 2958 pugnare
909 2873 1041 2957 seirent,
1070 2895 1165 2958 agros
1195 2881 1252 2940 aut
1330 2857 1332 2860 ⁵

157 2987 284 3053 omnino
303 3007 367 3052 nen
384 2985 553 3068 reliquisse
571 2991 627 3050 aut
643 3005 718 3050 mox
734 2985 769 3051 in
785 3003 840 3049 101
858 2983 995 3049 rediisse
1010 3004 1062 3052 me
1079 2992 1203 3072 putare,
1220 2991 1252 3050 et

156 3097 251 3162 faoile
268 3096 336 3162 fieri
354 3096 512 3179 potuisse,
530 3100 565 3160 ut
582 3095 633 3159 vir
648 3092 800 3177 imbellis,
824 3093 929 3176 qualis
947 3099 1016 3159 erat
1033 3090 1089 3158 ille
1102 3087 1252 3167 Manlius

156 3206 197 3273 de
215 3226 277 3291 quo
296 3226 394 3290 supra
411 3204 630 3288 exposuimus
645 3203 786 3268 Galliam
804 3209 872 3268 tum
890 3209 1023 3284 regeret.

242 3314 365 3394 Quibus
394 3314 491 3381 rebus
520 3312 669 3396 gliseenti
689 3312 863 3398 κ(1111011111
891 3310 1042 3377 seditioni
1076 3310 1183 3392 ignem
1219 3311 1252 3370 et

157 3425 326 3490 materiam
343 3424 505 3491 subditam
523 3442 594 3488 esse
611 3421 756 3487 arbitror.
792 3421 833 3486 Et
850 3440 907 3485 eur
918 3439 957 3484 ea
969 3419 1075 3502 magis
1084 3416 1251 3499 magisque

157 3556 299 3602 01110111
316 3533 464 3625 pqtuerit,
481 3533 590 3617 plures
605 3531 810 3597 inveniuntur
827 3549 955 3596 oausae.

179 3713 183 3719 ,
240 3645 383 3709 Primum
410 3643 495 3709 enim
522 3663 551 3706 a.
578 3635 694 3726 679175
721 3639 808 3706 Galli
835 3661 958 3705 summa
984 3640 1112 3720 frugum
1141 3635 1251 3719 inopia

156 3753 391 3837 premebantur,
409 3760 441 3819 et
458 3773 530 3819 eum
547 3773 612 3817 non
629 3749 796 3830 heberent,
820 3769 881 3832 quo
899 3749 989 3814 illam
1008 3751 1252 3829 compensarent

157 3859 246 3946 (narn
263 3882 348 3928 anno
367 3849 531 3948 superiore
552 3860 726 3926 maximam
747 3857 899 3925 frumenti
920 3857 1045 3940 eopiam
1067 3855 1111 3921 ad
1128 3853 1252 3920 Metelli

227 4082 272 4148 26)
291 4080 364 4134 Caes.
381 4079 411 4132 B.
430 4077 461 4133 G.
479 4079 504 4143 1,
524 4087 538 4132 6
553 4093 598 4144 sq,
615 4076 682 4130 Plut.
701 4076 840 4134 (111111,

227 4167 272 4233 au)
291 4163 344 4219 cic.
362 4165 397 4217 ad
413 4163 491 4216 Atrio.
502 4161 536 4227 V,
556 4171 584 4227 a,
603 4170 633 4229 73
653 4169 690 4226 ro,
711 4166 749 4212 1⁵.
786 4221 790 4226 ¹
