3116 4780
731 251 905 368 m.

274 477 389 562 quibus
415 477 523 543 oausis
552 483 727 543 commotus
752 479 960 542 Drumanmrs
985 479 1076 559 putet
1106 475 1228 541 liberae
1262 476 1369 559 reipu-

272 587 376 654 blieae
403 595 546 679 tempore
573 587 695 652 Romae
721 588 879 653 saneitum
892 585 1018 670 luisse,
1048 592 1084 650 ut
1106 585 1368 673 repetundarum

273 697 514 766 damnationem
536 717 641 780 aquae
672 706 704 763 et
729 698 814 780 ignis
840 697 1023 762 interdictio
1045 704 1239 779 sequeretur.
1283 695 1368 760 Nam

272 827 376 891 neque
401 827 441 872 ex
469 807 618 900 Cornelia
647 826 752 889 neque
774 827 814 873 ex
841 809 909 872 ulla
931 807 1006 872 alia
1023 806 1274 890 repetundarum
1296 806 1368 888 lege

272 918 368 982 aliter
385 916 601 1000 puniebantur
615 917 866 1002 repetundarum
879 917 1025 986 damnati
1037 917 1102 982 nisi
1110 920 1267 997 pecuniae
1278 919 1368 977 resti-

272 1031 392 1088 tutione
419 1033 515 1109 atque
537 1029 687 1109 infamio,
711 1029 746 1093 in
769 1028 900 1092 eivitate
927 1034 1035 1092 autem
1057 1027 1099 1092 iis
1120 1028 1230 1092 vivere
1251 1024 1369 1091 lioebat

163 1219 164 1224 ἵ
272 1139 378 1202 soluta
405 1137 543 1220 poeonia
574 1137 752 1202 seeundum
783 1139 850 1202 litis
874 1137 1131 1202 aestimationem
1144 1132 1204 1219 4⁸).
1255 1137 1368 1219 Neque

271 1247 375 1312 altero
389 1252 590 1330 argumento,
614 1247 700 1330 quod
712 1247 830 1312 ‘attulit
847 1247 1057 1334 Drumannus
1073 1252 1109 1310 ut
1124 1245 1369 1339 demonstraret,

272 1355 443 1422 Fonteium
466 1354 648 1422 absolutum
671 1377 765 1442 esse,
778 1357 813 1422 io
834 1354 1065 1440 oomprobatur.
1112 1355 1210 1422 Putat
1232 1357 1317 1422 enim
1339 1357 1367 1421 si

272 1465 428 1530 Fonteius
444 1467 614 1550 peeuniam
637 1467 786 1532 solvisset
808 1465 987 1532 seeundum
1010 1466 1078 1531 litis
1102 1468 1369 1549 aestimationem,
1443 1461 1446 1465 ’

272 1589 346 1640 eum
376 1592 442 1640 non
469 1575 620 1642 habuisse
627 1625 635 1661 ,
665 1577 751 1642 unde
778 1579 869 1642 illam
898 1577 1028 1641 domum
1056 1582 1186 1642 emeret.
1238 1563 1305 1642 seo
1335 1575 1370 1643 O.

272 1685 383 1751 Verris
401 1688 555 1771 exemplo,
572 1688 627 1770 qui
644 1688 831 1771 priusquam
850 1689 920 1753 eius
939 1706 1038 1752 eausa
1055 1691 1213 1770 ageretur,
1230 1687 1369 1769 permul-

271 1802 324 1860 tas
348 1816 414 1880 res,
437 1815 518 1878 quas
539 1795 657 1862 Sieulis
685 1798 860 1881 eripuerat,
885 1797 970 1861 olam
992 1797 1094 1861 Roma'
1120 1790 1369 1876 abstuleratss),

272 1905 423 1972 doeemur
439 1905 535 1970 faoile
552 1905 622 1971 fieri
636 1907 788 1989 potuisse,
806 1914 841 1972 ut
858 1907 944 1971 idem
962 1907 1083 1970 feneret
1101 1905 1142 1971 M.
1159 1905 1321 1971 Fonteius
1367 1893 1375 1964 J

357 2016 470 2096 Itaque
488 2015 516 2078 si
532 2015 574 2079 M.
592 2016 746 2082 Fonteius
763 2037 792 2081 a.
811 2007 926 2103 686168
945 2015 1116 2098 Neapolim
1140 2017 1369 2098 eommigrarit,
1424 2061 1426 2066 ·

272 2123 345 2190 ideo
368 2145 441 2188 eum
458 2123 593 2188 Romam
612 2126 781 2208 reliquisse
804 2127 955 2208 arbitror,
978 2126 1063 2208 quod
1085 2126 1214 2191 facilius
1231 2126 1369 2209 Neapoli

272 2234 439 2324 infamiam
469 2253 509 2297 ae
543 2234 661 2299 eivium
695 2237 963 2319 eontemptionem
993 2255 1028 2300 se
1063 2235 1261 2318 perlaturum
1296 2255 1369 2300 esse

273 2345 429 2427 speravit,
447 2362 543 2426 quam
561 2343 697 2427 Romae,
719 2345 774 2410 ubi
791 2350 977 2428 praeturam
996 2345 1141 2428 aliosque
1158 2345 1368 2427 magistratus

272 2459 426 2534 gesserat.

345 2650 390 2718 43)
408 2650 454 2702 cfr.
474 2651 500 2702 (l.
519 2629 671 2718 Zumptium
693 2652 709 2703 1.
726 2667 747 2702 c.
771 2667 795 2718 p.
814 2661 845 2706 40
862 2669 910 2719 sq,
937 2671 962 2722 p.
982 2662 1012 2707 65
1037 2661 1064 2706 et
1085 2656 1117 2706 A.
1136 2654 1179 2707 W.
1197 2654 1365 2720 Zumptium:

273 2733 330 2787 Das
349 2733 550 2788 Criminalrecht
568 2736 615 2788 der
633 2736 791 2789 Romisohen
809 2736 945 2804 Republilr
962 2739 1011 2790 Bd.
1024 2739 1063 2804 ll,
1080 2749 1105 2804 1,
1124 2755 1149 2806 p.
1164 2746 1220 2790 373.

344 2827 385 2890 14)
403 2819 449 2872 et‘r.
467 2819 521 2872 (lio.
544 2821 571 2872 in
589 2819 666 2874 Verr.
683 2823 777 2874 Aecus,
799 2821 843 2887 lib,
861 2823 885 2888 Ι,
910 2827 930 2888 ξ.
951 2831 994 2888 51,
1021 2825 1087 2877 Plin.
1106 2823 1137 2877 N.
1155 2823 1222 2879 Hist.
1241 2820 1368 2889 XXXIV,
1432 2877 1435 2884 ,

273 2921 293 2958 c.
310 2914 336 2970 2,
354 2909 376 2968 §-
391 2913 411 2957 6.
