3116 4780
726 315 896 430 -ao-

265 537 315 604 les
332 558 397 604 our.
414 559 470 604 666
487 537 627 604 6116666.
638 529 763 620 686169.
797 535 888 615 Quae
906 536 1068 603 sententia
1084 535 1167 604 duas
1184 535 1224 601 ob
1242 553 1358 602 666666

265 655 315 714 est
331 648 515 722 reiioienda.
558 647 701 712 Primum
727 647 814 712 enim
839 667 867 712 6.
886 638 1001 733 686169
1024 647 1095 712 aed
1112 667 1176 712 our.
1198 646 1297 711 ioioee
1316 646 1357 710 M.

265 757 407 823 Tullium
433 757 618 823 Gioeronem
643 758 687 822 M.
711 755 903 826 Caesonium
929 758 1026 822 oertis
1056 755 1250 823 testimoniis
1275 776 1356 821 oom-

264 863 491 950 probatur19).
533 867 615 930 Tum
649 871 757 932 autem
787 867 920 932 minime
949 873 1074 933 onustat
1100 866 1295 932 Plaetorium
1325 873 1357 932 et

264 978 460 1044 Flaminium
478 991 507 1041 a.
525 973 641 1061 688166
658 983 823 1060 praetores
840 976 954 1059 luisse,
976 976 1073 1041 immo
1089 975 1356 1042 verisimillimum

264 1095 314 1154 est
330 1107 387 1154 666
405 1107 443 1152 oo
460 1105 546 1152 6666
562 1087 663 1150 fuisso
680 1085 804 1170 iudioes
821 1086 1034 1170 quaestionis,
1056 1105 1121 1168 quo
1140 1093 1356 1152 muneratum

263 1194 479 1278 lungobantur
496 1195 638 1262 aedilioii
650 1191 711 1276 ²⁰).
755 1195 868 1280 Itaque
885 1216 956 1261 oum
973 1195 1170 1278 nesciamus,
1193 1215 1254 1278 quo
1272 1215 1357 1260 anno

262 1311 447 1388 praeturam
465 1306 602 1387 gesserit
619 1305 816 1388 Plaetorius,
837 1327 879 1371 ne
900 1305 942 1370 de
964 1324 1002 1370 66
1024 1304 1152 1388 quidem
1169 1323 1267 1390 6666,
1294 1321 1356 1388 quo

262 1414 430 1482 aedilitate
446 1416 574 1480 lunutns
591 1419 647 1497 est,
665 1415 839 1496 quidquam
856 1416 935 1482 uerti
948 1416 1047 1481 statui
1060 1419 1173 1498 potest,
1189 1415 1356 1498 optimum·

263 1543 324 1606 que
341 1532 419 1608 puto
429 1523 690 1591 adWehrmanni
708 1522 958 1607 sententiam21)
977 1525 1141 1608 aooedere,
1157 1524 1212 1607 qui
1222 1526 1357 1592 ooniaoit

263 1653 292 1698 a.
311 1625 426 1720 687167
444 1634 640 1719 Plaetorium
657 1633 796 1698 aedilem
813 1653 877 1701 our.
893 1634 1005 1699 luisse.

348 1743 496 1810 Getarum
514 1744 555 1808 Μ.
573 1743 770 1808 Plaetorium
783 1743 884 1808 tuisse
902 1744 1042 1808 amioum
1059 1742 1094 1807 P.
1113 1741 1253 1808 Cornelii
1272 1745 1355 1810 Lon

221 1863 225 1867 ’
262 1853 323 1920 tuli
340 1853 534 1937 Spintheris,
557 1854 697 1920 oonsulis
719 1873 748 1918 6.
767 1845 880 1940 697167
903 1853 1104 1935 eognosoitur
1121 1871 1162 1917 ex
1175 1853 1316 1937 epistula
1333 1873 1355 1917 a

263 1961 415 2030 Cioerone
432 1964 476 2027 ad
494 1963 665 2030 Lentulum
683 1962 761 2028 data
779 1982 808 2027 6.
827 1954 1015 2046 70315122).

347 2072 461 2139 Utrum
486 2079 595 2138 autem
616 2074 645 2138 is
662 2071 859 2155 Plaetorius,
881 2072 972 2137 onius
987 2069 1136 2137 inpendio
1154 2069 1277 2155 Seium,
1303 2091 1356 2137 ae·

261 2178 1353 2266 (111661668617483)6666616161.666611661666161666601661624)

262 2289 352 2374 dieit,
379 2311 422 2356 an
440 2293 482 2377 is,
505 2293 559 2374 qui
577 2292 702 2357 vioinus
718 2291 818 2356 Attioi
838 2291 1022 2356 nominatur
1034 2289 1098 2376 Η),
1113 2291 1155 2355 Μ.
1173 2291 1355 2356 Plaetorius

260 2399 373 2481 luerit,
391 2421 463 2468 eum
485 2402 552 2468 illis
570 2401 695 2467 duobus
714 2401 793 2468 loeis
810 2421 834 2466 a
849 2401 1000 2467 Gioerone
1018 2419 1214 2484 praenomen
1231 2400 1353 2466 nomini

260 2529 325 2574 non
342 2509 488 2575 additum
506 2512 555 2594 sit,
573 2511 752 2576 diiudioare
769 2531 834 2576 non
851 2511 964 2576 ausim.

343 2618 545 2704 Subsoriptor
563 2627 595 2686 et
612 2620 739 2686 adiutor
757 2621 798 2684 M.
817 2621 970 2686 Plaetorii
988 2641 1059 2685 oum
1077 2620 1106 2685 is
1123 2620 1165 2684 M
1183 2619 1354 2688 Fonteium

258 2747 349 2792 reum
366 2728 496 2813 laeerot,
509 2730 631 2796 exstitit
640 2729 682 2793 M.
695 2725 888 2811 66166696).
912 2730 981 2810 Neo
998 2731 1113 2796 mirum
1128 2749 1200 2795 6666
1217 2728 1355 2796 arbitror
1381 2720 1386 2727 ’

259 2835 443 2903 defendisse
470 2841 583 2905 Gallos
614 2844 723 2904 eontra
749 2839 877 2904 Fonteii
906 2839 1042 2904 iniurias
1077 2838 1232 2924 Fabium,
1265 2837 1354 2904 haud

259 2944 357 3010 dubie
375 2966 415 3010 ex
431 2947 491 3013 illo·
503 2948 539 3026 Q.
557 2947 660 3014 Fabio
677 2949 818 3014 Maximo
835 2947 1039 3030 Allobrogico
1055 2948 1235 3034 oriundum,
1252 2950 1307 3031 qui
1324 2967 1353 3014 a

331 3111 420 3179 19116
438 3111 516 3169 Verr.
540 3117 588 3166 aet.
606 3111 631 3177 I,
655 3120 682 3178 8,
706 3119 750 3178 26,
773 3113 801 3165 in
823 3113 909 3168 Pison.
929 3113 955 3180 I,
978 3123 1000 3168 2.
1027 3111 1101 3167 Brut.
1123 3122 1297 3182 61192666,
1319 3115 1353 3168 ad

259 3196 337 3249 Attio.
351 3196 416 3263 XII,
438 3207 476 3262 17,
493 3197 562 3250 Plut.
580 3197 633 3252 Cio.
652 3206 667 3250 9
683 3205 748 3252 extr.

330 3283 375 3351 26)
397 3283 442 3336 cfr.
460 3283 614 3337 Mommsen.
636 3284 667 3336 R.
685 3283 849 3338 Staatsreoht
864 3283 902 3350 II,
923 3292 950 3350 1,
971 3299 997 3351 p.
1010 3291 1072 3349 662,
1095 3283 1228 3351 6116662,
1250 3301 1278 3354 p.
1295 3294 1353 3352 666,

260 3364 348 3419 adnot.
364 3375 391 3422 2.
409 3367 540 3435 Langium
558 3369 609 3421 1.6.
626 3369 679 3434 ΙΙΙ,
696 3385 721 3436 p.
735 3378 796 3434 226,
814 3371 845 3423 A
860 3379 883 3422 4.

329 3452 374 3519 21)
392 3452 437 3506 cfr.
459 3452 532 3508 Fasti
549 3454 691 3520 Praetorii,
716 3455 862 3522 composuit
882 3455 951 3510 Petr.
975 3456 1150 3521 Wehrmann,
1175 3454 1261 3508 Berol.
1286 3463 1351 3509 1616

259 3550 284 3601 p.
297 3543 329 3590 16
344 3551 381 3604 sq.
472 3577 480 3590 .

329 3625 375 3691 aa)
392 3624 427 3676 66
443 3624 537 3678 Famil.
554 3624 579 3690 1,
598 3633 626 3690 6,
645 3636 667 3678 1.

329 3710 375 3776 26)
392 3709 458 3762 Ρ116.
476 3709 509 3764 N.
525 3710 592 3763 Hist.
610 3709 670 3775 XV,
691 3718 716 3776 1,
735 3719 762 3776 2,
780 3710 834 3765 (lio.
851 3728 891 3779 pr.
908 3710 997 3766 Plane.
1016 3721 1056 3766 12.

330 3797 372 3864 21)
391 3796 424 3848 61
441 3796 520 3848 Attio.
539 3795 571 3866 V,
590 3805 629 3855 ao.
649 3807 672 3850 6.

330 3881 375 3946 aa)
393 3879 427 3932 ad
443 3881 522 3933 Attio.
539 3879 599 3945 XV,
620 3890 659 3946 17,
679 3891 701 3934 1.

328 3966 374 4030 26)
391 3979 429 4030 pr.
444 3963 519 4017 Font
537 3969 558 4029 5.
569 3973 601 4018 36
612 3966 682 4034 [26];
701 3965 735 4016 M.
749 3964 870 4030 Fabium,
889 3967 1097 4036 subscriptorem
1114 3971 1171 4022 6166
1189 3969 1350 4036 rogabimus,

259 4053 289 4100 ut
305 4049 482 4115 Allobrogum
503 4050 604 4102 animos
628 4049 741 4115 mitiget,
764 4050 888 4114 quoniam
911 4053 982 4118 apud
1003 4053 1064 4106 illos
1084 4053 1230 4108 Fabiorum
1254 4067 1349 4105 nomen

259 4137 300 4186 est
317 4133 512 4200 amplissimum.
