3116 4780
748 275 1065 391 „no-4.

287 502 396 588 peium
426 521 499 566 eum
527 479 563 567 in
584 500 776 585 Hispaniam
803 499 1008 586 profieisoens
1031 498 1172 564 Galliam
1196 497 1384 582 subegisset,

290 612 431 696 Heluios,
449 611 652 678 Areeomieos
664 618 696 676 et
709 611 827 678 Voleas
844 630 885 675 ex
893 609 982 691 agris
999 609 1067 674 suis
1080 608 1236 674 decedere
1250 609 1384 674 iussisse

289 729 428 806 eonstat,
453 728 563 788 tamen
588 727 661 804 post
686 721 756 786 eius
782 719 1010 804 protentionem
1034 740 1103 803 eos,
1125 739 1197 783 eum
1223 719 1385 784 Romanos

289 830 435 916 pluribus
463 831 497 896 in
529 829 714 911 regionibus
742 829 864 896 bellare
892 829 1011 914 seirent
1028 835 1060 894 et
1082 828 1178 911 paulo
1196 835 1268 911 post
1290 827 1384 893 ambo

289 940 496 1025 proconsules
513 939 548 1004 in
561 939 720 1024 Hispania
743 959 811 1004 rem
827 938 912 1004 male
932 957 1046 1020 gerere
1064 937 1307 1021 eomperissent,
1329 944 1386 1002 aut

290 1051 418 1138 omnino
446 1070 488 1117 ex
514 1050 602 1131 agris
627 1070 692 1117 non
717 1048 909 1131 deeessisse,
935 1053 991 1112 aut
1017 1068 1092 1113 mox
1117 1048 1152 1115 in
1174 1068 1230 1114 eos
1249 1047 1385 1114 rediisse

289 1159 559 1227 verisimillimum
578 1166 635 1224 est.
677 1153 783 1240 Adde,
802 1158 887 1240 quod
905 1158 1000 1222 faeile
1018 1157 1087 1224 fieri
1104 1157 1220 1242 potuit,
1244 1165 1279 1222 ut
1299 1165 1330 1224 et
1348 1178 1385 1224 eo

289 1276 441 1352 tempore,
459 1288 520 1351 quo
538 1269 711 1352 Pompeius
734 1269 769 1332 in
786 1267 895 1333 Gallia
912 1268 974 1333 fuit
996 1274 1118 1352 etpost
1140 1268 1175 1332 id
1193 1273 1320 1350 tempus
1337 1267 1387 1332 vir

290 1375 429 1446 imbellis
447 1383 479 1443 et
496 1378 558 1462 „ad
576 1376 805 1444 eonfioiendum
827 1397 907 1461 opus
931 1376 973 1440 ab
999 1378 1070 1460 ipso
1088 1378 1240 1459 Pompeio
1258 1377 1387 1442 inehoa-

290 1485 376 1552 tum“
394 1508 458 1554 non
475 1487 612 1553 idoneus
630 1487 758 1553 Galliae
773 1493 948 1570 praeesset,
966 1487 1131 1570 ooneedes,
1149 1507 1213 1552 non
1231 1506 1317 1570 esse,
1332 1506 1387 1552 eur

291 1601 400 1658 statim
417 1616 445 1662 a.
464 1589 579 1683 677177
592 1596 763 1662 Fonteium
780 1596 935 1662 mandata
947 1596 1093 1681 Pompeii
1111 1602 1297 1662 exseeutum
1315 1616 1387 1662 esse

293 1712 451 1790 putemus.

379 1814 503 1894 Quibus
521 1816 676 1898 expositis
693 1816 759 1882 iam
768 1836 874 1882 meam
892 1815 1085 1882 sententiam
1102 1815 1256 1897 aperiam.
1291 1816 1387 1898 Equi·
1431 1885 1434 1894 ,

292 1925 366 1992 dem
383 1930 460 2009 puto
477 1925 605 1990 unicam
624 1945 696 1992 esse
714 1927 816 2010 viam,
838 1944 902 2008 qua
924 1931 956 1990 et
973 1922 1162 1990 brevissime
1186 1931 1216 1989 et
1233 1925 1388 1990 faeillime

292 2035 437 2100 invenire
462 2036 581 2118 possis,
607 2056 665 2119 per
687 2056 766 2118 quos
793 2055 895 2100 annos
918 2033 1072 2101 Fonteius
1098 2034 1132 2098 in
1156 2034 1265 2100 Gallia
1291 2036 1389 2101 fuerit

293 2163 379 2229 eam,
406 2163 502 2228 quam
524 2145 597 2210 iniit
622 2145 799 2230 Zumptius.
856 2144 935 2210 (ium
968 2144 1053 2208 enim
1080 2142 1190 2210 Oioero
1212 2141 1263 2228 21)
1293 2144 1390 2230 dieat,

293 2255 469 2320 exereitum
488 2253 543 2320 (in.
565 2255 711 2337 Pompeii
737 2255 913 2320 niaximum
937 2259 1034 2335 atque
1060 2255 1300 2320 ornatissimum
1323 2254 1389 2322 hie-

293 2383 400 2428 masse
424 2364 458 2428 in
485 2363 594 2430 Gallia
622 2363 662 2428 M.
686 2364 820 2432 Fonteio
848 2365 1028 2447 imperante
1055 2383 1189 2446 eamque
1215 2365 1319 2448 ipsam
1348 2363 1389 2430 ob

295 2457 427 2538 eausam
446 2474 525 2537 satis
543 2473 661 2538 multos
680 2479 711 2538 et
729 2473 862 2538 idoneos
881 2492 952 2538 esse
970 2472 1125 2556 homines,
1143 2472 1259 2555 quibus
1276 2474 1389 2540 lauda·

293 2579 417 2646 toribus
435 2581 562 2648 Fonteii
580 2590 612 2648 et
629 2582 766 2648 testibus
783 2583 830 2648 uti
848 2583 958 2669 possit,
976 2583 1092 2648 mirum
1113 2589 1173 2666 est,
1197 2604 1270 2649 eum
1294 2584 1389 2650 silen-

296 2691 340 2756 tio
359 2691 549 2776 praeterire,
573 2693 738 2757 Metellum
757 2712 829 2757 eum
848 2692 991 2757 exereitu
1008 2713 1065 2759 suo
1080 2697 1191 2774 priore
1216 2714 1298 2756 aaao
1322 2692 1389 2759 hie-

294 2821 378 2866 mem
397 2802 592 2882 transegisse
611 2802 645 2867 in
665 2791 782 2868 Gallia.
817 2801 902 2866 Nam
920 2807 955 2866 ut
970 2800 1080 2867 Gieero
1099 2802 1133 2867 in
1150 2802 1297 2868 omnibus
1314 2803 1390 2869 aliis

296 2909 507 2992 orationibus,
530 2909 645 2992 quibus
670 2918 838 2978 aecusatos
868 2911 1013 2977 defendit
1038 2931 1244 2994 quasaunque
1272 2933 1390 2979 causas

295 3019 412 3085 afferre
439 3021 534 3102 solet,
562 3020 676 3102 quibus
703 3041 775 3086 reos
792 3027 920 3104 purget,
946 3021 993 3086 sie
1018 3022 1052 3086 in
1074 3020 1256 3087 Fonteiano
1282 3025 1391 3089 omnia

295 3136 415 3214 movet,
442 3136 477 3194 ut
494 3128 665 3194 Fonteium
684 3131 778 3213 eulpa
796 3129 953 3195 absolvat.
996 3130 1076 3196 Rem
1098 3137 1207 3196 autem
1225 3133 1307 3198 tanti
1325 3154 1391 3198 mo-

295 3238 395 3304 menti
413 3245 448 3303 ut
460 3240 738 3324 praetermitteret,
753 3238 938 3307 (iieeronem
950 3247 1141 3306 eommotum
1152 3261 1224 3307 esse
1242 3243 1390 3308 existimo

295 3347 386 3411 nulla
404 3348 471 3414 alia
489 3367 588 3413 eausa
606 3350 669 3414 nisi
687 3348 760 3416 hae:
781 3349 866 3432 quod
879 3350 1009 3415 Metello
1027 3349 1217 3416 hibernante
1234 3352 1268 3417 in
1282 3352 1391 3418 Gallia

296 3455 450 3522 Fonteius
473 3457 756 3542 huio.provineiae
782 3460 925 3526 noudum
951 3459 1136 3542 praefuerit.
1182 3462 1295 3544 Itaque
1318 3483 1390 3527 eum

295 3563 460 3629 Metellum
478 3587 507 3631 a.
526 3564 697 3654 679175»-
711 3571 835 3662 680174,
844 3570 1033 3653 Pompeium
1051 3589 1079 3633 a.
1097 3562 1265 3658 680174—
1278 3565 1389 3660 681173

296 3672 457 3740 hiemasse
490 3677 524 3742 in
554 3678 663 3744 Gallia
689 3679 926 3744 demonstrasse
956 3677 1035 3743 mihi
1065 3679 1192 3766 videar,
1220 3680 1390 3747 Fonteium

296 3790 405 3848 autem
421 3805 479 3868 per
496 3788 669 3852 triennium
687 3807 760 3853 eam
776 3789 974 3871 provintiam
993 3788 1238 3856 administrasse
1259 3797 1391 3875 oonstet,

297 3895 441 3984 sequitur
459 3903 495 3962 ut
512 3898 568 3963 ille
581 3898 677 3963 fuerit
695 3895 730 3962 in
743 3896 855 3963 Gallia
873 3917 931 3980 per
954 3917 1056 3964 annos
1074 3897 1191 3987 680174
1208 3935 1251 3947 -
1269 3895 1390 3986 682172.

301 4030 512 4041 —--—..—.

367 4094 413 4163 aa)
430 4094 479 4148 re.
497 4099 562 4161 §.rr
581 4095 631 4165 [ap
697 4125 698 4128 a
