3116 4780
800 326 846 406 16

277 569 348 618 cum
358 549 544 618 Mithridate
559 548 733 634 gerendum
745 553 848 618 Roma
863 551 1125 637 proficisceretur,
1138 558 1175 618 ut
1188 555 1372 636 quaePom·
1439 517 1442 522 .
1470 537 1475 543 ⁵
1553 641 1554 648 ¹

275 662 376 746 peius·
385 663 607 745 postulaverat
624 681 719 744 quam
739 661 903 728 celerrime
921 663 952 727 ei
970 662 1240 745 submitterentur,
1257 663 1372 749 effecit,

276 777 430 853 metuens,
447 791 488 836 ne
505 771 677 855 Pompeius
695 772 830 837 Romam
847 771 973 838 veniret
989 778 1021 837 et
1038 792 1095 855 pro
1113 772 1186 856 ipso
1206 773 1240 838 in
1257 772 1371 838 Asiam

275 878 526 962 mittereturff).

359 992 495 1056 Ineunte
516 1009 592 1056 vere
616 988 736 1055 bellum
762 991 869 1057 denuo
895 996 1036 1056 coortum
1054 996 1113 1056 est.
1159 991 1272 1074 Neque
1295 1012 1371 1059 vero

274 1099 316 1165 ab
340 1099 401 1166 hoc
424 1106 566 1184 tempore
593 1100 662 1164 acie
690 1105 868 1183 pugnatum
886 1106 950 1185 est,
972 1098 1030 1166 sed
1047 1099 1209 1166 Sertorius
1232 1101 1370 1166 hostium
1417 1127 1420 1131 ·

273 1210 360 1278 vires
385 1231 450 1276 non
472 1209 536 1275 nisi
559 1209 686 1275 levibus
710 1211 843 1293 proeliis
865 1209 1055 1276 lacessendo
1078 1217 1111 1275 et
1138 1209 1233 1275 urbes
1260 1209 1370 1278 defen-

274 1321 381 1386 dendo
403 1320 536 1385 attrivit.
589 1313 739 1384 Metellus
757 1321 792 1385 in
823 1321 976 1386 ulteriore
1000 1319 1159 1402 Hispania
1187 1339 1243 1384 eas
1274 1318 1370 1386 urbes

275 1430 412 1513 subegit,
429 1448 512 1513 quae
530 1429 627 1493 etiam
646 1435 714 1494 tum
732 1450 752 1494 a
771 1429 906 1495 Sertorii
924 1428 1069 1512 partibus
1087 1428 1227 1494 stabant.
1262 1431 1370 1496 Minus

273 1541 410 1605 feliciter
433 1540 605 1623 Pompeius
625 1541 660 1605 in
684 1527 920 1626 Tarraconensi
944 1539 1111 1622 provincia
1132 1545 1243 1605 contra
1263 1540 1367 1624 ipsum

273 1648 449 1715 Sertorium
467 1648 607 1714 bellavit.
650 1649 735 1713 Nam
754 1649 865 1715 urbem
881 1648 1086 1732 Pallantiam,
1105 1667 1200 1730 quam
1219 1649 1369 1734 operibus

272 1761 415 1824 clausam
434 1758 577 1842 tenebat,
603 1759 764 1824 Sertorius
787 1758 953 1824 obsidione
976 1759 1080 1824 solvit.
1128 1759 1170 1823 Hi
1196 1759 1240 1824 ad
1257 1758 1368 1825 urbem

272 1867 473 1950 Calagurrim
491 1888 511 1930 a
530 1867 670 1933 Sertorio
688 1869 811 1951 proelio
830 1875 999 1951 superatus
1017 1875 1075 1953 est,
1090 1888 1284 1952 quamquam
1302 1869 1368 1934 Me-

272 1980 381 2062 tellus,
404 1984 439 2042 ut
465 1997 537 2042 eam
559 1999 630 2043 eum
657 1978 810 2061 Pompeio
838 1984 1052 2062 oppugnaret,
1084 1979 1194 2062 copias
1218 2000 1294 2045 suas
1312 1980 1368 2046 ad-

271 2088 422 2171 duxerat,
449 2086 604 2170 amboque
627 2088 837 2171 imperatores
860 2088 997 2152 Romani
1019 2089 1135 2154 iterum
1155 2090 1257 2154 coacti
1285 2095 1368 2172 sunt,

271 2203 306 2262 ut
323 2196 470 2262 diversas
488 2198 636 2279 regiones
653 2203 808 2280 peterent.
860 2198 972 2279 ltaque
991 2197 1140 2262 Metellus
1157 2199 1191 2263 in
1214 2199 1366 2264 ulteriore

269 2306 443 2389 Hispania,
468 2307 640 2390 Pompeius
662 2307 696 2372 in
715 2305 824 2371 Gallia
846 2325 918 2370 cum
942 2307 1085 2372 exercitu
1101 2307 1240 2374 hiemem
1262 2315 1365 2374 trans·

270 2417 336 2497 egit
350 2416 410 2499 161.

355 2525 478 2604 Quibus
496 2527 652 2610 expositis
670 2547 741 2591 cum
761 2526 827 2590 iam
845 2526 952 2591 omnia
970 2526 1004 2592 in
1018 2527 1158 2592 medium
1168 2528 1366 2609 protulerim,

269 2634 384 2718 quibus
409 2636 482 2701 freti
509 2637 570 2702 viri
598 2635 683 2700 docti
707 2636 926 2702 demonstrare
955 2638 1061 2701 conati
1088 2643 1175 2720 sunt,
1201 2657 1259 2720 per
1287 2656 1365 2719 quos

268 2764 371 2810 annos
398 2746 552 2811 Fonteius
576 2746 717 2811 Galliam
745 2745 1019 2812 administraverit
1041 2754 1073 2812 et
1096 2746 1211 2830 quibus
1234 2747 1366 2812 innixus

269 2964 411 3032 Pompeius
429 2965 456 3016 in
474 2963 520 3016 illa
537 2962 650 3030 epistula
667 2977 715 3030 per
732 2962 914 3028 ,¹,trienniurn“
932 2963 975 3016 vix
993 2977 1109 3018 annuum
1127 2963 1180 3018 sibi
1198 2969 1331 3032 sumptum
1349 2978 1365 3016 a

269 3055 363 3102 senatu
376 3047 466 3101 datum
478 3062 536 3100 esse
549 3046 652 3111 scribit,
670 3048 790 3100 concludi
801 3062 879 3115 posse
891 3053 978 3115 putat,
996 3048 1070 3100 illam
1088 3065 1111 3102 a.
1131 3049 1222 3116 686174
1241 3050 1365 3118 scriptam

271 3148 341 3198 esse,
358 3139 430 3185 recte
448 3133 553 3184 iudicat
589 3131 657 3185 Nam
680 3147 739 3184 eum
756 3131 911 3199 Pompeium
931 3134 1021 3201 677177
1040 3133 1126 3186 Roma
1142 3133 1288 3202 profectum
1306 3149 1365 3188 esse

269 3223 384 3283 constet,
410 3223 522 3271 exeunte
547 3233 569 3270 a.
589 3218 679 3285 679176
699 3217 842 3270 triennium
864 3218 970 3272 interim
992 3234 1019 3272 66
1043 3221 1202 3287 transegisse
1219 3221 1293 3289 illum
1310 3233 1364 3272 non

270 3304 327 3356 sine
345 3304 432 3370 aliquo
451 3303 508 3355 iure
526 3303 643 3357 scribere
660 3303 791 3371 potuisse,
809 3303 853 3355 vix
870 3303 987 3371 negabis

339 3387 438 3455 Quodsi
450 3387 554 3454 epistul.
567 3387 685 3455 Pompeii
698 3387 732 3441 ad
748 3371 867 3442 senatum
886 3403 909 3441 a.
928 3391 1019 3459 676175
1039 3390 1162 3456 scriptam
1180 3404 1238 3442 esse
1255 3394 1364 3453 censat,

271 3473 344 3526 vides
362 3473 525 3541 superiorem
542 3471 614 3525 illurn
630 3488 739 3539 annum,
757 3488 809 3540 quo
823 3473 924 3527 Metelli
938 3474 1066 3528 exercitui
1080 3474 1241 3528 frumentum
1255 3475 1363 3526 nussum

269 3573 327 3612 6666
339 3573 372 3611 ex
385 3556 475 3611 Gallia
486 3557 576 3610 scribit
587 3557 728 3625 Pompeius
742 3561 776 3627 (5.
787 3559 822 3626 a),
837 3557 953 3612 iareme
969 3559 1133 3612 contendisse
1151 3573 1175 3612 a
1189 3559 1281 3626 676176
1298 3571 1365 3613 6666.

340 3644 384 3711 16)
402 3643 447 3696 cfr.
466 3642 534 3695 Plus
551 3642 642 3711 Pomp.
660 3643 723 3708 XX,
741 3643 844 3696 Lucull.
861 3642 895 3707 V,
913 3644 980 3710 App.
998 3644 1028 3695 Β.
1047 3643 1074 3696 Ο.
1092 3643 1117 3709 I,
1137 3652 1194 3696 111.

340 3728 384 3794 16)
402 3727 457 3781 Liv.
475 3728 536 3794 epit
552 3727 656 3780 XCIII:
675 3727 729 3783 Res
743 3745 760 3782 a
772 3729 898 3796 Pompeio
913 3735 940 3780 et
951 3727 1060 3781 Metello
1078 3727 1204 3782 adversus
1218 3728 1363 3783 Sertorium

267 3820 371 3881 gestae,
394 3813 439 3888 qui
457 3811 577 3864 omnibus
595 3811 658 3865 belli
676 3813 779 3866 artibus
797 3829 846 3880 par
863 3813 921 3866 fuit.
946 3812 1018 3880 Quos
1035 3819 1063 3866 et
1080 3813 1114 3866 ab
1131 3813 1268 3868 obsidione
1287 3813 1361 3868 Cala-

267 3899 354 3964 gurris
377 3897 467 3966 oppidi
488 3897 612 3964 depulsos
635 3897 723 3964 coegit
744 3899 861 3952 diversas
879 3899 1000 3966 regiones
1018 3904 1120 3965 petere,
1142 3898 1279 3952 Metellum
1295 3898 1362 3951 ulte-

266 3982 362 4056 riorem
371 3981 539 4049 Hispaniam,
556 3982 711 4049 Pompeium
723 3980 844 4037 Galliam.
864 4013 896 4024 -
914 4000 953 4051 pr.
970 3982 1047 4034 Font.
1063 3985 1086 4046 ς.
1098 3991 1129 4035 16
1147 3983 1202 4052 [6]ι’
1221 3982 1362 4036 Exercitus

265 4073 404 4133 praeterea
422 4067 469 4121 Cu.
487 4067 605 4134 Pompeii
628 4067 757 4120 maximus
780 4075 860 4135 atque
883 4067 1065 4123 ornatissimus
1089 4066 1214 4120 hiemavit
1230 4068 1259 4120 in
1277 4067 1363 4120 Gallia

266 4150 300 4205 M.
317 4151 429 4205 Fonteio
446 4151 600 4218 imperante.
