3116 4780
645 311 812 428 A

178 533 266 603 enim
293 556 365 602 cum
391 533 503 604 cicero
530 536 631 603 dicat:
662 538 739 618 ,Est
760 537 837 604 item
860 533 939 601 urbs
961 533 1130 620 Massilia,
1149 539 1187 598 de
1213 551 1276 618 qua

180 653 254 707 ants
271 650 352 720 dibi,
374 645 621 713 fortissimorum
638 646 960 729 fidelissimorumque
978 646 1149 729 sociorum,
1170 646 1225 729 qui
1249 665 1276 712 e.

179 739 280 838 tei,
302 763 416 840 sponte
433 763 583 840 apparet,
606 777 684 823 voce
706 758 822 854 ,ante‘ss
840 758 1002 838 relegatos
1020 774 1092 820 esse
1110 754 1275 822 auditores

179 864 224 930 ad
245 885 317 930 eam
340 865 495 932 orationis
520 873 658 952 partem,
680 867 714 932 in
737 886 802 949 qua
827 866 1022 950 explicatum
1046 871 1129 946 erat,
1155 871 1276 946 quanta

179 974 299 1040 virtute
324 976 516 1059 quantisque
543 977 695 1061 periculis
719 975 874 1042 Fonteius
900 975 1079 1040 Massiliam
1110 973 1275 1040 obsidione

179 1081 362 1150 liberasset:

265 1211 347 1275 Tum
366 1212 401 1278 id
421 1211 625 1279 confirmatur
641 1214 711 1281 loco
730 1212 868 1295 Aquilae
885 1185 1123 1294 Romande'll:
1149 1202 1276 1285 ,ἰΑντι-

181 1312 325 1404 στροφή,
360 1341 557 1388 conversum.
607 1321 739 1407 Species
764 1321 859 1387 huius
884 1321 1006 1405 figurae
1036 1341 1108 1386 cum
1139 1322 1277 1388 eandem

178 1429 248 1495 iere
265 1430 332 1495 vim
349 1429 480 1515 habeat,
506 1434 667 1499 contraria
689 1439 739 1499 est
756 1432 913 1517 superiori
936 1428 1017 1515 (soil.
1051 1427 1276 1519 ἒπαναφορᾷ),

179 1559 219 1604 eo
232 1538 319 1622 quod
332 1540 379 1605 ibi
393 1541 435 1605 ab
448 1543 563 1608 eadem
576 1551 668 1626 parte
683 1543 836 1608 orationis
851 1541 981 1625 saepius
995 1541 1160 1625 incipitur,
1177 1543 1230 1609 hio
1243 1543 1276 1610 in

180 1648 317 1718 ¹eandem
332 1657 457 1734 partem
470 1651 636 1720 desinitur.
666 1652 766 1720 (iuius
783 1652 871 1718 modi
889 1657 939 1716 est
956 1651 1037 1716 haec
1053 1672 1111 1735 pro
1126 1651 1275 1718 Fonteio:

179 1758 368 1833 „Frumenti
388 1765 541 1824 mocimus
563 1783 710 1825 comem
733 1783 750 1826 a
779 1763 909 1835 Gellia,
928 1765 1093 1842 peditatus
1117 1763 1276 1841 amplissi-

180 1889 249 1931 mos
268 1875 378 1950 copiae
400 1892 416 1934 e
435 1857 564 1948 'callim
583 1877 702 1955 equites
719 1891 844 1934 esuriero
860 1871 1025 1951 plurimis
1047 1871 1199 1933 Gellio.“

263 1993 332 2059 Hoc
357 1994 497 2078 Aquilae
522 1998 592 2064 loco
616 1999 720 2082 ipsius
742 1997 905 2066 Ciceronis
931 1994 1031 2062 verba
1056 1996 1149 2062 nobis
1175 1997 1277 2081 reddi,

179 2123 245 2168 non
262 2105 412 2186 estquod
428 2127 592 2189 negemus.
635 2108 837 2192 Quapropter
863 2126 935 2172 cum
952 2107 1050 2172 etiam
1073 2106 1093 2185 ξ
1114 2110 1151 2170 13
1175 2105 1278 2190 partis

179 2213 379 2281 Fonteianae
394 2216 428 2282 in
446 2218 541 2284 codd.
563 2219 686 2301 vulgar.
710 2223 859 2283 servatae
877 2214 1036 2282 similibus
1058 2214 1201 2300 quidem,
1217 2235 1278 2283 nec

179 2343 256 2389 vero
273 2323 390 2390 iisdem
406 2325 514 2393 verbis
532 2329 699 2412 referatur,
717 2327 887 2392 Fonteium
904 2326 952 2392 eis
971 2325 1089 2408 Gallis,
1112 2326 1166 2408 qui
1185 2345 1277 2391 arma

180 2439 291 2500 contra
312 2435 474 2502 Romanos
492 2457 607 2521 capere
624 2459 689 2503 non
711 2438 784 2502 ausi
802 2436 880 2518 sint,
904 2433 1096 2518 equitatum,
1114 2437 1277 2521 pecunias,

179 2541 375 2610 frumentum
391 2547 586 2631 imperasse,
607 2547 689 2613 illud
707 2547 920 2628 fragmentum
939 2546 1009 2610 sine
1025 2544 1123 2611 dubio
1146 2565 1187 2610 ex
1204 2566 1278 2626 nar·

181 2654 304 2720 ratione
321 2655 520 2723 Fonteianae
538 2658 673 2741 petitum
691 2663 749 2722 est.

265 2781 613 2864 Deniqueciceronem
631 2785 665 2848 in
683 2782 868 2847 narratione
882 2781 979 2846 etiam
993 2781 1033 2846 de
1051 2780 1191 2864 portorio
1208 2782 1277 2847 vini

182 2887 318 2972 dixisse,
345 2891 432 2974 quod
457 2893 612 2959 Fonteius
637 2893 672 2957 in
698 2891 807 2956 Gallia
832 2890 1029 2973 instituerat,
1056 2891 1210 2956 discimus
1236 2912 1278 2956 ex

182 2997 352 3066 Ammiano
379 2998 644 3084 Marcellino²⁸):
681 3001 774 3081 ,Vini
801 2998 933 3065 avidum
958 3019 1060 3080 genus
1082 2998 1277 3084 (Gallorum)

180 3108 349 3175 adfectans
372 3112 416 3176 ad
437 3113 505 3177 vini
529 3111 770 3177 similitudinem
793 3108 987 3192 multiplices
1009 3116 1117 3193 potus,
1140 3116 1171 3174 et
1195 3111 1278 3176 inter

181 3237 237 3284 eos
267 3219 405 3285 humiles
436 3221 568 3304 quidam
599 3218 721 3286 obtusis
752 3219 907 3284 ebrietate
940 3219 1091 3284 continua
1121 3218 1278 3305 sensibus,

179 3346 278 3409 qnam
295 3328 412 3393 furoris
429 3330 644 3395 voluntariam
662 3329 802 3413 speeiem
824 3347 895 3394 esse
913 3327 1094 3395 Catoniana
1118 3330 1279 3395 senteritia

179 3433 338 3517 definivit,
355 3443 523 3521 raptantur
540 3438 740 3504 discursibus
756 3439 863 3520 vagis:
886 3444 921 3502 ut
942 3459 1055 3504 verum
1069 3440 1151 3504 illud
1168 3440 1279 3506 videa-

179 3549 245 3627 tur,
263 3545 349 3627 quod
366 3547 413 3611 ait
431 3546 607 3620 defendens
621 3548 791 3613 Fonteium
812 3547 948 3631 Tullius,
965 3550 1110 3623 „Gallos
1125 3551 1278 3630 posthaec

182 3631 318 3717 dilutiori
336 3677 404 3720 esec
417 3667 563 3738 poturos,
583 3663 666 3739 qood
679 3657 734 3720 illi
750 3643 897 3719 venenam
916 3677 984 3722 esse
1001 3657 1276 3720 arbitrabuntur.“

252 3951 297 4018 37)
316 3949 348 4003 de
362 3950 407 4019 fig.
421 3958 485 4004 sent
499 3956 526 4004 et
536 3950 600 4004 eloe.
615 3953 636 4019 §-
646 3958 677 4004 35
692 3965 717 4018 p.
727 3958 758 4005 33
767 3949 809 4015 H,
823 3948 964 4016 equuila
971 3916 1118 4004 liertianus
1128 3947 1239 4019 Capella
1246 3951 1278 4020 V,

182 4042 245 4101 334,
263 4052 288 4103 p.
304 4044 352 4089 179
372 4036 412 4090 ed.
429 4034 611 4107 Eyssenhardt
628 4052 688 4090 eum
706 4036 794 4091 locum
811 4035 923 4104 repetiit

252 4139 298 4206 aa)
315 4135 376 4203 XV,
397 4147 439 4204 rr,
458 4149 481 4191 4.
