3116 4780
698 367 721 442 9

628 473 796 500 „ss-

167 586 323 674 negabit),
350 609 447 672 quam
473 589 513 656 ob
539 592 689 675 alteram,
721 590 819 674 quod,
849 608 920 654 eum
950 607 990 652 ex
1016 590 1087 672 lege
1113 589 1262 656 Cornelia

165 700 271 765 ootoni
285 705 470 766 crearentur
483 706 656 786 praetores,
672 700 839 766 aedilitate
853 703 961 764 autem
975 701 1077 765 auruli
1089 707 1120 766 et
1133 699 1261 784 plebeia

165 808 215 874 bis
233 809 301 875 bini
319 815 444 876 tantum
459 812 630 894 quotannis
647 811 925 896 perfungerentur,
943 808 983 874 ab
1002 808 1183 875 hominibus
1197 830 1261 876 non

165 920 293 986 omnino
311 920 457 1004 primarii
476 921 597 986 ordinis
624 922 694 986 sine
719 921 830 1004 populi
853 921 1029 986 offensione
1047 920 1129 986 illud
1145 941 1261 987 munus

165 1029 377 1112 praetermitti
407 1035 533 1114 poterat
570 1051 673 1114 neque
704 1037 774 1097 erat
808 1030 998 1114 timendum,
1033 1050 1074 1095 ne
1105 1028 1260 1095 Fonteius

163 1144 276 1222 postea
301 1139 336 1204 in
363 1140 501 1206 eandem
527 1142 683 1208 invidiam
700 1142 870 1223 insideret,
897 1140 931 1204 in
949 1159 1045 1222 quam
1063 1139 1176 1205 ineidit
1193 1139 1260 1205 Ma-

163 1268 289 1314 meraus
307 1249 480 1333 Aemilius,
509 1251 559 1316 vir
585 1252 735 1316 maximis
759 1250 881 1316 divitiis
899 1256 931 1316 et
949 1271 1074 1344 summa
1092 1248 1260 1315 nobilitate

163 1359 339 1443 excellens,
358 1379 430 1424 oum
447 1360 615 1426 aedilitate
640 1360 830 1426 transmissa
847 1362 1048 1426 oonsulatum
1065 1356 1260 1444 peteret³³b

247 1466 341 1533 Anno
360 1464 476 1556 etstto
495 1470 664 1537 Fonteium
687 1490 728 1535 ex
749 1470 941 1535 Macedonia
964 1472 1099 1536 Romam
1123 1470 1259 1536 rediisse

162 1578 324 1663 existimo,
342 1585 377 1644 ut
393 1586 579 1664 praeturam
593 1586 728 1665 peteret,
747 1599 843 1664 quam
861 1599 946 1645 anno
965 1580 1110 1663 sequenti
1128 1581 1163 1646 in
1180 1579 1258 1646 urbe

161 1687 241 1752 milri
271 1689 401 1755 videtur
430 1691 579 1772 gessisse.
622 1693 696 1775 Ipso
724 1699 832 1757 autern
864 1697 1037 1775 praeturae
1067 1711 1153 1756 anno
1185 1710 1257 1754 oum

161 1798 297 1881 imperio
314 1799 349 1863 in
368 1799 508 1864 Galliam
534 1821 607 1866 eum
629 1802 763 1867 missum
786 1821 867 1885 esse,
891 1802 976 1884 quod
999 1795 1257 1881 Niebuhrius34)

161 1913 266 1991 putat,
292 1909 398 1975 minus
415 1909 581 1992 probabile
600 1917 658 1978 est.
700 1912 855 1991 Quamvis
873 1912 958 1976 enim
976 1908 1174 1977 difficillimis
1191 1909 1257 1974 illis

161 2017 356 2101 reipublicae
369 2020 566 2104 temporibus
583 2022 744 2088 interdum
759 2023 828 2105 ipso
843 2020 1052 2103 magistratus
1067 2038 1150 2083 anno
1165 2038 1257 2102 prae-

161 2131 247 2192 tores
276 2147 348 2194 eum
374 2131 508 2214 imperio
535 2133 579 2196 ad
607 2133 766 2198 exereitus
788 2131 903 2196 missos
921 2149 992 2195 esse
1011 2136 1042 2195 et
1060 2148 1097 2194 eo
1116 2127 1256 2192 maxime

161 2239 318 2320 tempore,
344 2258 406 2321 quo
430 2240 486 2306 On.
508 2242 693 2326 Pompeius,
719 2260 816 2324 eques
843 2241 1018 2323 Romanus,
1043 2258 1100 2321 pro
1127 2237 1256 2302 oonsule

162 2347 339 2420 exereitum
361 2354 471 2440 eontra
489 2349 666 2417 Sertorium
692 2351 798 2434 duxit,
825 2349 964 2434 plurima
992 2355 1083 2415 extra
1110 2346 1257 2412 ordinem

161 2455 195 2520 in
214 2456 270 2522 illo
287 2477 406 2539 genere
418 2458 488 2526 fieri
502 2461 646 2546 potuisse
656 2459 834 2528 Niebuhrio
847 2460 1084 2525 eoncedendum
1099 2477 1256 2538 aenaeam,

162 2570 284 2650 tamen,
314 2588 386 2634 oum
413 2571 454 2636 de
479 2570 607 2637 Fonteii
633 2576 786 2654 praetura
813 2570 942 2635 omnino
972 2568 1053 2634 nihil
1083 2567 1257 2632 memoriae

160 2675 322 2759 proditum
353 2680 407 2764 sit,
438 2681 539 2746 tutius
570 2686 619 2746 est
650 2684 777 2764 putare,
807 2700 880 2744 eum
906 2700 947 2744 ex
976 2678 1087 2746 Sullae
1115 2679 1191 2758 lege
1215 2675 1256 2741 de

160 2786 404 2870 magistratibus
427 2796 613 2872 praeturam
638 2790 780 2873 aliquam
806 2790 841 2854 in
867 2788 948 2855 urbe
972 2789 1125 2872 gessisse,
1152 2785 1255 2870 prius-

160 2914 257 2977 quam
282 2898 317 2962 in
343 2897 541 2980 provinciam
569 2898 834 2983 profioisoeretur,
864 2917 961 2980 quam
986 2918 1073 2964 vana
1103 2903 1134 2964 et
1166 2895 1256 2962 inani

160 3004 343 3071 oonieetura
361 3009 419 3073 uti.

229 3190 720 3259 mffiQmfflQmw

230 3275 442 3344 wlapffi
