3116 4780
627 211 797 383 ge...

317 496 345 556 4.
373 490 460 555 Illud
482 511 558 556 vero
586 490 663 572 quid
689 490 761 556 est?
774 486 825 572 31)
854 508 950 572 quam
972 486 1070 554 habet
1095 489 1130 554 in
1157 510 1192 555 se
1216 510 1264 553 ra-

378 600 507 685 tionem,
516 621 612 684 quam
627 599 901 684 consuetudinem,
915 619 1012 682 quam
1021 599 1264 666 similitudinem

378 710 551 776 veritatis?
595 708 688 790 Quod
713 710 808 791 ratio,
835 709 921 792 quod
947 710 1154 794 eonsuetudo,
1180 709 1264 793 quod

377 819 424 884 rei
444 827 561 885 natura
578 821 710 904 respuit,
728 819 762 886 id
779 819 1017 886 eredendumne
1034 820 1106 884 est?

598 1005 601 1030 ἢ
896 928 1026 1016 (tregru.
1044 929 1117 997 Gus.
1137 927 1178 1013 1).

308 1043 350 1102 ·5.
380 1039 543 1122 Numquid
578 1039 711 1123 in'quam
726 1037 778 1123 86)
821 1039 1022 1124 iniquissimo
1056 1041 1264 1124 disseptatori

376 1146 457 1214 haee
475 1150 609 1234 suspitio
628 1150 840 1233 relinquenda
859 1148 930 1214 est‘?
1017 1147 1067 1233 (fr.
1082 1149 1115 1215 O.
1133 1146 1175 1233 2).

235 1248 237 1254 ’
322 1261 350 1322 6.
381 1256 467 1337 Quid
492 1266 598 1344 potest
624 1260 825 1326 auctoritatis
851 1257 971 1325 habere
1001 1259 1095 1324 testis
1122 1260 1156 1325 in
1183 1260 1265 1325 divi-

248 1380 250 1384 ’
377 1368 482 1435 dendo
501 1390 558 1435 suo
576 1371 758 1436 testimonio
776 1370 860 1436 falsa
878 1369 965 1434 veris
982 1369 1142 1434 miseere?
1260 1352 1262 1356 ’

1016 1478 1066 1562 (fr.
1084 1478 1118 1544 O.
1135 1477 1178 1560 3).

323 1593 351 1654 7.
382 1590 450 1654 Hoe
467 1591 538 1674 ipso
554 1601 743 1672 argumento
761 1599 868 1682 uetera
885 1589 1069 1657 testimonia
1092 1590 1263 1673 repudiare
1285 1667 1288 1674 ,

375 1697 509 1765 debetis.
844 1720 847 1726 ·
1015 1697 1065 1783 (fr.
1084 1698 1116 1765 Ο.
1136 1699 1178 1782 4).

320 1809 348 1873 8.
374 1806 518 1893 ¹Latebra
536 1811 707 1876 mendaeii.
806 1819 811 1828 “
1006 1807 1057 1892 (fr.
1079 1809 1113 1876 O.
1136 1807 1178 1893 5).

166 2027 227 2090 11.
251 2029 472 2094 Narratio.
1111 2116 1115 2124 Ι

239 2146 296 2230 ,IL
318 2125 348 2212 b.
378 2147 433 2214 Cu.
463 2148 635 2232 Pompeius
670 2149 788 2215 eximia
825 2150 944 2217 virtute
980 2158 1012 2216 et
1042 2149 1197 2216 lelioitate
1212 2130 1214 2134 ’
1228 2150 1261 2214 in

376 2259 537 2343 Hispania
553 2257 673 2324 bellum
690 2259 800 2341 gessit.
873 2253 880 2268 ’
1011 2259 1062 2343 (fr.
1080 2258 1113 2325 O.
1133 2256 1175 2341 6).
1308 2311 1310 2314 .

300 2371 347 2454 111.
380 2368 543 2434 ludustria
561 2389 600 2434 ao
617 2369 731 2434 studio.
1010 2367 1060 2453 (fr.
1079 2369 1112 2437 0.
1131 2366 1174 2452 7).

300 2483 348 2544 11.
378 2478 434 2545 Cu.
465 2478 626 2562 Pompeii,
651 2480 767 2544 summi
802 2479 1006 2563 imperatoris
1038 2487 1070 2545 et
1096 2479 1261 2545 tortissimi

374 2589 445 2672 viri,
462 2595 588 2671 gestum
608 2596 657 2655 est
675 2588 836 2655 subsidiis.
983 2627 985 2630 ·
1013 2588 1063 2674 (fr.
1081 2589 1115 2656 G.
1127 2585 1177 2672 β).

297 2701 344 2764 12.
375 2699 523 2764 Massilia
542 2697 722 2783 (obsidione
739 2720 760 2764 a
778 2699 912 2765 Fonteio
930 2697 1109 2782 liberatur).

581 2806 657 2892 (§.3
675 2816 756 2893 part.
774 2831 818 2876 or.
835 2809 868 2874 in
887 2810 977 2875 oodd.
996 2811 1080 2892 vulg.
1100 2806 1203 2892 seru).

298 2921 345 2983 13.
376 2917 543 2984 Frumenti
559 2919 719 2984 maximus
741 2940 893 2986 numerus
914 2940 933 2985 e
952 2920 1075 3003 Gallia,
1097 2920 1260 3004 peditatus

374 3028 595 3110 amplissimae
621 3029 734 3113 eopiae
761 3049 778 3094 e
805 3029 930 3113 Gallia,
966 3030 1091 3112 equites
1127 3051 1268 3097 numero·

372 3137 504 3220 plurimi
523 3158 541 3203 e
560 3139 677 3204 Gallia.

418 3317 420 3324 ,
521 3245 641 3332 (Aquil.
654 3249 743 3314 Rom.
763 3251 812 3332 33,
832 3252 880 3332 14,
897 3249 990 3316 Mart
1008 3250 1129 3335 Capell.
1148 3251 1182 3335 V,

708 3361 768 3423 534
786 3377 816 3441 p.
837 3361 896 3423 179
915 3359 964 3424 ed.
982 3358 1154 3445 Eyssenh.)

298 3465 347 3526 14.
376 3463 489 3531 Gallos
510 3474 583 3549 post
606 3466 688 3533 haee
704 3467 839 3534 dilutius
857 3489 929 3535 esse
946 3476 1091 3555 poturos,
1108 3472 1194 3554 quod
1210 3473 1259 3539 illi

227 3571 228 3576 ’
371 3592 531 3641 venenum
549 3597 622 3642 esse
640 3576 888 3645 arbitrabantur.

622 3685 797 3771 (Ammian.
814 3689 956 3754 Mareell.
973 3688 1044 3753 XV.
1064 3693 1111 3774 12,
1131 3688 1173 3773 4).

161 3761 370 3776 ἡ..

231 3847 277 3912 35)
295 3846 333 3900 sic
355 3847 423 3901 enim
446 3849 534 3910 scribo
557 3867 616 3904 eum
635 3852 755 3922 Kaysero
776 3869 825 3920 pro
851 3853 941 3918 „Illud
964 3869 1026 3907 vero
1049 3855 1153 3921 quidem
1177 3873 1255 3924 quam

159 3934 256 3982 e.t.e.“
275 3933 346 3999 quod
364 3932 474 3989 exhibet
490 3937 547 3990 cod.
565 3935 592 3990 O.

125 4027 127 4032 ’
231 4017 277 4082 36)
295 4016 403 4084 inquam
420 4020 477 4074 iure
495 4021 625 4089 Sauppius
643 4021 748 4090 scripsit
765 4037 814 4091 pro
831 4021 961 4089 cuiquam.

1028 4179 1047 4232 4
