3116 4780
806 289 856 366 48

750 397 919 408 ...---.--

370 512 539 582 Uberrime
557 511 668 580 Oieero
690 512 732 580 de
756 518 969 599 propraetore
986 511 1114 580 Fonteii
1130 515 1257 580 loo'utus
1274 521 1323 580 est
1346 515 1381 582 in
1426 585 1427 588 ,
1467 477 1508 577 ι’.

286 629 559 706 argumentatione
587 623 677 710 (pars
704 624 739 689 in
763 624 853 689 eodd.
870 624 957 706 vulg.
983 644 1065 690 serr.
1092 625 1117 709 Ι,
1145 625 1292 709 1-x1v,
1316 621 1381 709 30).

286 732 434 818 Quinque
459 733 660 817 potissimum
686 733 821 799 erimine
842 733 878 799 in
900 753 941 800 ea
963 733 1111 799 refellere
1133 735 1270 801 studuit:
1295 734 1381 819 quod

285 865 360 910 reus
385 863 461 910 aere
487 844 594 910 alieno
617 843 759 910 Galliam
788 843 1001 927 oppressisset
1028 840 1067 928 (Ι,
1088 845 1207 928 1-ΙΠ,
1226 843 1269 929 7),
1294 845 1407 933 quod·
1506 833 1508 838 ’

110 954 115 962 ’
176 1027 179 1032 ,
286 959 456 1038 quaestum
472 953 602 1019 ieeisset
619 953 655 1019 in
672 953 831 1036 imperate
848 953 974 1018 riarum
992 954 1169 1020 munitione
1187 953 1255 1039 (IV,
1274 950 1381 1038 7-9),
1423 996 1424 999 =

284 1061 370 1148 quod
394 1063 570 1148 portorium
599 1063 668 1129 vini
696 1063 890 1129 instituisset
915 1058 966 1145 (V,
996 1061 1124 1147 9-10)‚
1153 1065 1238 1147 quod
1270 1070 1381 1130 oenus
1433 1051 1435 1054 ⁵

286 1174 457 1240 Vooontios
475 1169 675 1257 (crudeliter)
693 1171 813 1238 bellum
825 1172 988 1255 gessisset,
1005 1175 1091 1256 qood
1108 1172 1243 1240 hiberna
1261 1175 1389 1239 iniuste

284 1283 524 1367 disposuisset„
1233 1351 1236 1358 ,

370 1393 544 1459 Praeterea
570 1397 692 1475 eutem,
722 1393 807 1475 quod
833 1393 898 1459 iam
925 1393 1185 1475 commemoravi,
1208 1391 1319 1459 Oioero
1345 1392 1379 1458 in

284 1501 346 1569 hee
363 1503 518 1568 orationis
534 1507 626 1584 parte
648 1503 759 1567 multis
776 1501 885 1569 verbis
903 1502 983 1568 dixit
1000 1502 1041 1568 de
1060 1502 1190 1565 tantitas
1215 1493 1380 1585 variisque

284 1611 389 1678 modis
416 1631 523 1676 eorum
542 1612 766 1702 auetoritetenn
783 1611 957 1679 minuendo
975 1612 1146 1679 Fonteium
1163 1632 1302 1698 purgare
1329 1632 1379 1678 eo·

284 1727 447 1788 natusest
465 1719 532 1806 (VI,
552 1721 721 1802 11-x1v‚
740 1719 804 1806 30).

368 1829 518 1914 Sequitur
535 1831 667 1897 tandem
682 1830 955 1917 peroratioffly,
974 1833 1162 1916 'di-XVII,
1180 1829 1245 1917 39),
1262 1832 1297 1897 'm
1315 1851 1380 1914 qua

283 1940 388 2007 denuo
415 1941 549 2025 prolatis
575 1925 723 2006 omnibus
750 1941 869 2026 oausis,
899 1940 1014 2025 quibus
1039 1943 1224 2023 innocentia
1252 1941 1379 2008 Fonteii
1418 2013 1420 2018 ,

285 2049 519 2142 eomprobetur‚
536 2050 790 2116 misericordiam
808 2052 949 2118 iudieum
968 2072 1167 2118 eommovere
1184 2051 1292 2118 studet
1309 2069 1379 2116 ora-

283 2166 347 2244 tor,
364 2160 449 2245 quod
466 2161 553 2226 idem
572 2180 643 2226 eum
661 2161 696 2227 in
712 2162 822 2226 multis
838 2163 914 2228 aliis
932 2160 1130 2228 orationibus
1147 2151 1215 2227 tunt
1234 2159 1378 2240 inuito-
1428 2214 1431 2220 .

284 2270 384 2336 niano
402 2269 588 2337 Gieeronem
605 2270 753 2337 videmus
771 2273 897 2338 feeisse.
914 2307 958 2318 -
1411 2254 1413 2258 Α
1468 2261 1479 2360 Ἰ

369 2378 435 2444 Sed
465 2381 531 2446 iem
561 2382 641 2448 satis
674 2401 833 2466 superque
865 2382 906 2448 ds
926 2381 1135 2447 ‘Fonteiunae
1162 2378 1381 2463 dispositione.
1427 2387 1429 2390 ’

284 2490 392 2557 Unum
423 2497 537 2574 restat,
554 2499 600 2575 ut
626 2492 684 2556 illa
710 2490 904 2576 fragmenta,
936 2491 977 2557 de
1005 2490 1121 2575 quibus
1149 2490 1277 2574 eopiose
1303 2488 1399 2578 dixi„
1492 2512 1495 2520 ¹

283 2599 423 2686 breviter
440 2621 525 2668 nuno
541 2603 576 2668 in
594 2623 665 2670 uno
675 2608 847 2684 eonspeotu
864 2602 970 2685 posita
988 2608 1146 2684 repetam,
1172 2619 1234 2683 quo
1251 2593 1381 2663 faeiliu's

153 2794 155 2798 v
284 2717 504 2796 eognoseatur‚
521 2731 606 2796 quae
623 2712 664 2778 de
682 2732 791 2777 eorum
809 2711 922 2778 ordine
936 2731 1085 2778 oenseom
1097 2734 1108 2776 :-

283 2881 321 2944 1.
340 2881 604 2944 Exordlum.

391 3008 466 3091 Ll.
496 3007 560 3071 Pro
586 3005 720 3072 Fonteio
745 3009 786 3072 M.
813 3008 940 3074 Tullius
970 3007 1167 3104 exsequitur,
1198 3005 1283 3089 quod
1310 3005 1381 3071 eius
1449 2960 1451 2964 -
1483 3003 1488 3074 J

410 3131 413 3137 '
498 3136 597 3182 eausa
614 3137 679 3182 non
698 3117 739 3182 sit
752 3119 867 3185 eedem
885 3137 969 3202 quae
986 3117 1105 3183 Verris.

831 3226 879 3312 (Ο.
896 3229 999 3293 Iulius
1013 3225 1122 3293 Vietor
1139 3231 1211 3311 409,
1232 3221 1294 3308 12).

439 3340 468 3402 2.
482 3331 485 3338 ’
498 3336 589 3402 Nihil
617 3339 671 3420 agi
703 3339 759 3403 illo
787 3336 921 3420 iudioio,
949 3338 1014 3403 nisi
1043 3344 1079 3402 ut
1108 3337 1317 3419 magistratus
1345 3335 1381 3400 iu
1476 3409 1479 3416 ⁴

494 3448 668 3530 provinciis
685 3469 750 3513 non
768 3446 910 3512 audeant
927 3447 1086 3531 imperare
1097 3447 1215 3542 soeiis,
1238 3445 1322 3528 quod
1340 3465 1382 3510 ex
1440 3446 1444 3452 “

497 3577 558 3622 usu
575 3556 773 3641 reipublicae
792 3557 842 3624 sit.
1350 3617 1352 3620 .
1479 3534 1487 3556 ¹

807 3666 903 3752 (Ibid.
916 3671 988 3752 423,
1005 3671 1053 3749 10,
1071 3667 1152 3732 Pers
1165 3673 1243 3732 oras
1261 3665 1295 3730 iu

851 3777 942 3843 codd.
958 3779 1044 3859 vulg.
1062 3783 1178 3842 serrat
1196 3776 1224 3855 ξ.
1236 3772 1277 3858 7).

433 3890 462 3952 3.
491 3887 645 3954 Plaetorii
662 3895 811 3972 matrem,
828 3888 905 3954 dum
922 3887 1056 3954 vixisset
1071 3886 1193 3969 ludum,
1209 3894 1380 3970 postquem

494 4005 619 4065 mortue
637 4005 731 4081 esset,
749 3998 922 4081 magistros
938 3995 1101 4062 habuisse.

798 4106 945 4192 (Quintil.
962 4107 1035 4172 inst.
1049 4127 1094 4172 or.
1111 4105 1165 4189 VI,
1184 4109 1212 4192 9,
1231 4102 1294 4189 51).
1348 4157 1350 4162 .
1463 4141 1466 4146 ·
