3116 4780
799 333 850 410 22

278 559 454 632 exedram
475 559 509 630 in
527 557 718 642 prueiom
737 557 867 628 mittere
887 577 946 626 aee
967 560 1094 622 asotos
1114 573 1188 622 esse
1209 551 1375 636 vidimus),

280 671 329 743 ira
365 676 475 740 contro
506 669 668 750 Romarm
702 667 954 736 amandarentur
987 684 1120 738 neemse
1153 670 1231 732 erat.
1290 663 1374 730 Tum

278 786 416 850 eneunts
446 778 558 848 eedem
586 798 615 844 a.
640 769 766 864 679176
781 776 930 846 Metellus
960 795 1031 842 cum
1059 774 1199 842 maximo
1230 773 1373 842 exercitu

278 889 313 960 iu
324 889 436 958 Gallia
452 888 634 960 hibernavit
650 885 1008 970 eoqueprorincisiom
1020 891 1095 952 ante
1113 884 1256 952 coniecta
1272 883 1373 952 etism
1463 877 1465 882 ’

212 1069 215 1072 ,
278 999 383 1082 magis
400 999 559 1068 exhausta
570 989 639 1066 est'
661 996 765 1081 Adde,
782 996 868 1079 quod
885 994 1095 1064 clandestinis
1103 993 1237 1062 Sertorii
1250 992 1373 1064 nuntiis

279 1109 392 1182 dailos
420 1109 463 1178 nd
490 1107 683 1178 seditionem
709 1112 777 1174 tum
803 1104 992 1174 sollicitatos
1016 1123 1089 1172 esse
1115 1102 1281 1188 probabile
1305 1109 1373 1171 est:

278 1218 432 1302 intelligis
449 1219 591 1302 adventu
608 1216 734 1286 Fonteii
752 1215 843 1284 initio
860 1214 939 1280 anni
957 1205 1075 1299 666174
1092 1211 1282 1296 seditionem
1308 1233 1373 1280 non

278 1327 384 1400 minue
393 1328 607 1412 periculosam
619 1333 652 1394 et
664 1345 795 1394 saevum
806 1325 841 1390 in
855 1323 963 1392 daun
976 1323 1085 1406 fuisse,
1096 1343 1195 1406 quam
1206 1341 1235 1390 a.
1247 1326 1288 1388 67
1292 1313 1320 1408 tl
1324 1326 1373 1388 77.

364 1436 405 1510 Et
429 1437 570 1521 proiecto
587 1435 637 1506 ris
654 1434 880 1502 rebellantium
902 1433 960 1500 rix¹
979 1441 1046 1501 cum
1064 1432 1234 1502 toleranda
1250 1433 1375 1514 tuissat

279 1546 307 1612 si
330 1547 515 1630 provinciae
541 1545 666 1615 incolae
685 1544 728 1612 ad
749 1565 848 1614 unum
866 1563 977 1612 omues
997 1547 1109 1610 eontra
1125 1543 1288 1612 Romanos
1305 1561 1374 1610 sur·

277 1656 445 1722 rexissent.
486 1658 727 1739 Peropportune
748 1660 856 1719 autem
878 1653 1077 1734 factumest,
1100 1658 1135 1718 ut
1151 1652 1215 1720 tris
1231 1651 1374 1721 mxime

278 1764 442 1838 bominum
458 1782 579 1850 genera
596 1769 664 1832 tum
681 1769 789 1830 essent
805 1763 839 1828 in
851 1783 891 1832 ea
904 1761 1084 1846 provincia:
1100 1760 1237 1845 primum
1254 1783 1374 1845 sorum,

256 1941 259 1950 ,
278 1874 333 1958 qui
351 1874 416 1950 ism
432 1893 533 1959 saepe
549 1872 739 1942 suenonis
757 1871 852 1944 bellis
864 1871 1007 1955 superati
1024 1877 1117 1942 erant
1135 1878 1167 1938 st
1184 1877 1271 1942 metu
1289 1892 1373 1940 eom·
1427 1879 1430 1884 '

278 1983 357 2048 moti
374 1983 462 2048 haud
480 1983 577 2050 dubie
600 2003 621 2048 a
643 1975 808 2067 re'publica
830 1981 977 2047 Romana
999 1981 1055 2046 illo
1078 1986 1221 2064 ternpore
1243 1981 1395 2052 omuino

181 2087 182 2090 ’
279 2111 342 2162 uon
360 2093 433 2162 susi
449 2100 524 2162 suut
540 2093 734 2175 desciscere,
751 2091 889 2162 alterum
907 2091 1088 2175 Veientum,
1106 2090 1373 2174 Arecomicorum,
1398 2133 1401 2140 -
1434 2110 1439 2118 ·

279 2199 473 2285 Helviorum,
491 2202 545 2286 qui
563 2208 635 2287 post
644 2200 790 2286 Pompeii
801 2200 970 2268 decessum
983 2205 1059 2266 ante
1077 2200 1185 2270 omnia
1199 2220 1373 2284 musgros,

279 2309 395 2393 quibus
421 2309 462 2382 ab
488 2310 544 2382 illo
570 2311 698 2381 multati
715 2315 824 2394 amnt,
853 2308 995 2379 obtinere
1019 2309 1223 2394 studuerunt,
1242 2310 1372 2408 tertium
1473 2391 1475 2396 y
1556 2335 1557 2362 ι

279 2439 397 2505 eorum,
414 2420 468 2503 qui
481 2426 548 2492 tun
561 2420 762 2504 potissimum
772 2421 934 2491 Romanos
948 2419 1089 2503 undique
1101 2419 1246 2488 hostibus
1259 2421 1372 2503 urgen-

278 2527 377 2612 tibus,
397 2529 550 2601 iacilliure
575 2551 611 2600 se
633 2529 743 2612 iugum
766 2529 884 2599 servile
907 2549 929 2600 a
946 2528 1124 2602 cervicibus
1141 2529 1209 2598 suis
1230 2525 1371 2598 deiicere

278 2649 374 2722 posse
401 2646 613 2723 speraverunt
641 2659 742 2722 eoque
769 2660 834 2714 non
859 2641 961 2710 solum
987 2635 1050 2721 ipsi
1075 2638 1285 2723 rebellsmnt,
1312 2639 1370 2706 sed

279 2748 377 2822 etiem
402 2749 487 2822 abac
511 2749 657 2821 Gallieno
682 2747 979 2831 geuteslibertutis
1005 2767 1096 2832 spem
1114 2749 1312 2818 ostendendo
1337 2749 1371 2818 in
1481 2775 1484 2779 ·

278 2859 464 2930 societatem
482 2858 666 2932 rebellionis
682 2857 884 2930 deduxerunt
896 2853 957 2939 ²⁸).
990 2923 992 2928 .

364 2969 476 3052 ltaque
493 2969 587 3038 vides
603 2968 712 3036 statim
730 2966 865 3036 Fonteio
882 2967 1082 3036 occasionem
1103 2967 1244 3036 oblatum
1262 2968 1372 3052 tuisse,

279 3075 393 3145 tortam
411 3097 447 3144 se
462 3084 495 3147 et
511 3078 647 3148 bellicae
664 3078 744 3147 artis
762 3077 901 3160 peritum
917 3077 1022 3146 virum
1039 3078 1239 3146 ostendendi.

346 3314 395 3380 ee)
412 3329 452 3380 pr.
465 3313 542 3368 Feut
561 3320 591 3366 rt
607 3311 661 3379 [t]:
680 3309 835 3365 Provinciae
850 3307 953 3366 Gallus
966 3309 1001 3364 Μ.
1014 3309 1141 3366 Fonteius
1155 3301 1370 3379 'praefuitrquae
1449 3382 1453 3388 .

279 3401 383 3458 constet
398 3411 433 3458 ex
451 3397 483 3459 iis
500 3395 644 3466 generibus
661 3393 798 3450 bominum
816 3398 842 3448 et
859 3393 1005 3460 civitatum,
1028 3395 1085 3470 qui,
1108 3402 1138 3452 ut
1154 3401 1245 3453 vetera
1261 3395 1381 3477 mittam

279 3482 375 3548 partim
398 3486 488 3534 nostra
509 3479 636 3534 memoria
659 3478 732 3532 bella
753 3493 811 3530 cnm
833 3478 931 3549 popule
949 3479 1068 3534 Romano
1086 3479 1182 3536 acerba
1198 3496 1229 3534 sc
1246 3481 1372 3534 diuturno
1451 3485 1454 3489 '

280 3571 431 3630 gesserunt,
448 3565 543 3632 partim
566 3562 644 3617 mode
666 3562 819 3616 abnostris
841 3563 1046 3632 imperatoribus
1071 3564 1185 3629 subacti,
1204 3564 1282 3618 mode
1301 3564 1371 3618 bello

280 3648 382 3714 domiti,
406 3650 484 3703 modo
506 3648 646 3717 triumphis
668 3663 699 3702 ac
722 3649 897 3702 monumentis
919 3649 1014 3714 notati,
1038 3650 1116 3704 modo
1134 3650 1169 3704 ab
1188 3655 1282 3703 senatu
1300 3650 1372 3716 agris
1434 3699 1437 3706 .

279 3733 443 3804 urbibusque
461 3733 563 3790 multati
579 3733 768 3816 euntppsutim
785 3749 845 3786 cum
861 3733 919 3804 ipso
937 3734 971 3790 bl.
984 3734 1096 3792 Fonteio
1113 3735 1213 3793 terrum
1230 3750 1261 3791 so
1277 3750 1371 3791 manus
1414 3801 1416 3804 Ι
1508 3745 1510 3748 ’

280 3819 449 3876 contulerunt
470 3819 605 3902 multoque
627 3818 684 3872 eius
708 3818 804 3876 sudore
822 3834 853 3872 ac
869 3818 960 3872 labore
983 3819 1032 3872 sub
1050 3819 1142 3889 pepuli
1158 3819 1272 3876 Romani
1288 3819 1372 3888 impe·

279 3904 348 3957 rium
366 3902 546 3970 dicionemque
564 3902 722 3956 ceciderunt.
756 3904 891 3973 §.13[3]:
910 3902 955 3971 qui
972 3913 1049 3955 erant
1066 3903 1168 3968 hostes,
1186 3903 1306 3971 subegit:
1325 3903 1372 3974 qui

277 3992 393 4060 proxime
406 3987 522 4053 fuerent,
541 4002 587 4040 eos
601 4002 635 4041 ex
647 3988 680 4042 iis
694 3988 772 4054 egris,
790 3988 888 4055 quibus
901 3993 977 4040 erant
993 3988 1106 4053 multati,
1125 3988 1252 4042 decedere
1270 3988 1370 4055 coligit:

281 4077 385 4138 ceteris,
405 4078 449 4142 qui
466 4077 773 4144 &circumpositorum
791 4083 868 4126 oront
885 4072 956 4124 bellis
972 4077 1099 4143 superati,
1117 4084 1148 4126 ut
1165 4093 1262 4145 semper
1277 4077 1371 4144 populo

281 4161 397 4212 Romano
412 4169 548 4229 parerent,
565 4174 676 4226 magnos
694 4158 826 4225 equitatus
844 4161 921 4209 etc.
949 4157 995 4209 ct'r.
1012 4161 1034 4223 fi.
1049 4166 1081 4212 26
1100 4158 1168 4228 [16].
