3116 4780
713 350 762 426 39

187 572 300 639 ordine
322 592 343 637 a
365 570 496 638 librario
515 573 676 656 exseripta
700 594 786 658 esse,
810 544 972 641 tissimum
996 583 1104 644 autem
1125 576 1283 659 fragmen-

188 689 255 747 tum
274 683 436 749 Cusanum
458 683 492 748 in
512 688 614 764 primo
637 684 816 767 fragmento
835 707 874 752 ex
891 686 1000 752 oodiee
1023 686 1179 770 rescripto
1196 687 1285 751 Vati-

189 813 270 858 cano
287 791 499 858 aNiebuhrio
519 793 605 859 edito
619 794 753 879 legatur,
773 802 859 861 oerto
873 795 950 861 inde
964 795 1110 881 ebibitur,
1127 797 1284 880 quomodo

188 923 299 970 omnes
316 903 365 968 illi
381 902 444 968 loei
463 903 526 968 sint
543 903 743 987 disponendi.
925 973 927 978 ,

253 999 385 1095 ‘Itaque
403 1012 613 1097 Kleinius¹⁸l
632 1015 717 1081 huno
732 1015 768 1082 in
790 1016 920 1083 modum
938 1023 1066 1082 serrata
1084 1016 1284 1083 Fonteiunae

187 1125 368 1206 fragmenta
385 1125 559 1190 ordinavit:
576 1124 592 1188 Ι
610 1125 807 1207 Fragmenta
826 1147 866 1192 ex
882 1127 991 1192 eodiee
1009 1125 1136 1192 Cosano
1154 1125 1196 1191 ab
1213 1127 1284 1211 ipso

188 1234 276 1300 edita
301 1238 396 1318 1—93
418 1235 450 1300 Π
475 1224 670 1316 Fragmenta
694 1255 734 1300 ex
756 1236 865 1302 oodiee
894 1237 1104 1321 palimpsesto
1127 1236 1284 1302 Vatieano

187 1363 209 1408 a
226 1341 404 1409 Niebuhrio
421 1343 520 1428 edita3
543 1345 594 1409 HI
610 1344 808 1428 Fragmenta
832 1346 874 1412 ab
898 1347 973 1412 aliis
995 1344 1202 1430 scriptoribus
1220 1365 1285 1412 ser-

138 1525 141 1531 g
188 1461 277 1538 vata,
299 1455 344 1520 IV
361 1457 443 1520 Pars
461 1455 616 1522 orationis
642 1455 676 1520 in
700 1455 864 1523 eodioibus
880 1453 1069 1538 vulgaribus
1086 1463 1228 1540 servata,
1252 1460 1285 1521 et

188 1561 414 1649 Sauppius¹⁴l
439 1585 511 1630 eam
537 1566 789 1648 fragmentorum
817 1587 838 1631 a
864 1568 995 1634 Kleinio
1022 1567 1225 1632 inventomm
1252 1572 1285 1632 ot

188 1675 345 1741 editorum
361 1661 605 1760 dispositionem
624 1675 835 1759 eomprobans
854 1673 935 1744 baeo
952 1677 1044 1742 dioit:
1069 1677 1140 1759 „Da
1156 1676 1216 1741 das
1237 1681 1284 1741 10.
1347 1689 1350 1698 ’

188 1787 262 1852 dem
283 1803 346 1852 von
368 1783 514 1852 Niebuhr
535 1785 797 1866 anigeiundenen
816 1787 1016 1852 Bruohstttek
1039 1788 1068 1866 ἕ.
1087 1789 1115 1868 2,
1142 1784 1196 1851 die
1214 1785 1284 1851 drei

187 1897 304 1962 letnten
321 1895 395 1961 dem
412 1897 457 1960 im
474 1895 705 1966 Verbaltenen
723 1895 836 1962 Theile
855 1896 913 1961 der
930 1896 1020 1962 Rode
1038 1895 1081 1980 (ἓ.
1099 1899 1148 1960 32.
1166 1900 1216 1960 to.
1227 1893 1283 1976 49)

187 2005 371 2088 angebbren
390 2006 457 2070 und
474 2006 552 2089 alle,
578 2006 641 2071 wie
659 2005 758 2072 Klein
780 2006 864 2072 naeh
889 2005 963 2070 dem
981 2006 1124 2089 Beispiel
1140 2011 1285 2070 nement-

186 2115 250 2180 lioh
271 2116 330 2181 der
347 2115 505 2199 llxoerpte
526 2135 587 2181 aus
609 2116 672 2180 den
690 2115 891 2200 Philippioae
913 2116 971 2180 mit
988 2115 1089 2181 Reoht
1112 2134 1285 2197 angenom-

187 2247 260 2291 men
284 2225 354 2308 bat,
379 2225 436 2291 der
459 2225 559 2308 Folge
583 2225 641 2290 der
658 2225 747 2291 Rede
771 2225 870 2291 selbot
894 2225 1096 2307 noobgehen,
1120 2245 1156 2291 so
1182 2224 1283 2290 fallen

191 2340 270 2400 1-9
289 2337 322 2401 in
341 2336 404 2402 den
423 2336 552 2418 Aniang
569 2355 626 2402 vor
643 2333 805 2402 Niebuhrs
823 2334 1037 2418 Bmebstttolr,
1063 2337 1185 2399 11-18
1210 2334 1284 2398 zwi-

1 2449 2 2458 ’
92 2501 103 2518 .
188 2445 284 2510 seben
303 2445 390 2511 diens
408 2446 476 2511 und
492 2446 556 2512 den
574 2445 618 2513 im
636 2443 854 2511 Verbaltenen
871 2444 991 2511 Thetis

273 2554 397 2635 Quibus
433 2555 513 2622 viris
552 2556 655 2624 doetis
689 2555 778 2621 nullo
818 2554 912 2621 modo
945 2575 1081 2635 prorsus
1116 2553 1285 2620 assentior.

189 2665 345 2745 Quamvis
367 2666 453 2731 enim
481 2667 662 2749 oonoedam,
688 2667 757 2731 iure
782 2685 838 2731 eos
863 2669 977 2749 putare
1005 2665 1185 2747 fragmenta
1211 2661 1284 2728 Ous.

92 2784 95 2789 '
191 2780 271 2840 1-9
299 2777 448 2861 ponenda
461 2787 463 2792 '
477 2797 548 2842 esse
576 2783 652 2841 ante
678 2775 859 2857 fragmenta
890 2795 910 2840 a
936 2773 1113 2839 Niebubrio
1143 2773 1284 2854 inventa,

187 2894 295 2953 tamen
313 2888 347 2952 in
364 2886 572 2971 disponendis
584 2865 780 2968 'fragmentis
798 2885 871 2951 Ous.
893 2887 1015 2949 11--18
1033 2882 1199 2949 Kleinium
1217 2901 1285 2947 rem

187 2997 276 3063 hand
292 2998 385 3081 parvi
402 2997 555 3063 momenti
573 2997 768 3080 neglexisse,
793 2995 970 3080 Sauppium
994 3000 1102 3059 autem
1120 2998 1232 3076 aperto
1250 2992 1284 3058 in

188 3128 295 3174 errore
317 3113 481 3173 versatum
504 3127 576 3174 esse
599 3109 706 3172 miror.
760 3107 874 3189 Neque
898 3106 982 3172 enim
1000 3109 1097 3169 -et
1121 3101 1285 3185 Sauppius

187 3218 270 3282 falso
289 3217 324 3282 id
341 3222 434 3301 putat
459 3244 502 3264 *-
528 3217 725 3283 Niebubrius
744 3220 922 3279 continuom
940 3214 1103 3280 Oieeronis
1125 3231 1183 3296 pro
1201 3210 1284 3275 Fon·

187 3327 252 3393 teio
269 3327 424 3393 orationis
441 3332 566 3409 partem
583 3327 617 3393 in
636 3326 703 3392 eod.
714 3328 770 3393 illo
784 3328 949 3410 reseriptq
967 3325 1025 3391 sed
1043 3323 1106 3389 tria
1125 3322 1195 3387 eius
1213 3341 1284 3386 ora·

187 3437 284 3503 tionis
301 3437 483 3519 fragmenta
504 3437 605 3502 variis
627 3437 775 3522 dispersa
798 3435 1025 3502 loeisinvenit.
1069 3431 1284 3512 Quamobrem

189 3564 261 3610 oum
289 3561 326 3610 oo
356 3553 512 3629 tempore,
539 3566 600 3630 quo
628 3548 731 3613 oratio
760 3552 888 3626 integro
913 3543 1096 3626 legebatur,
1119 3543 1199 3608 haee
1221 3543 1284 3607 tria

165 3656 370 3737 -tragmenta
398 3657 608 3739 plurimorum
640 3677 791 3722 versuum
826 3655 1007 3723 intervallis
1036 3654 1120 3718 inter
1156 3671 1191 3715 se
1219 3651 1283 3715 dis-

187 3766 296 3830 iunota
316 3766 617 3833 fuisseererisimile
640 3768 694 3850 sit,
721 3766 852 3832 Kleinio
875 3773 907 3831 et
931 3763 1088 3847 Sauppio,
1110 3769 1284 3844 antequam

188 3872 370 3941 obtinerent
391 3876 505 3958 fragm.
522 3875 595 3942 Ous.
625 3881 660 3941 lt
685 3895 750 3959 sqq.
766 3885 840 3955 port
861 3875 1043 3956 fragmenta
1060 3870 1283 3938 Niebuhriana

259 4096 304 4162 1³)
321 4093 338 4150 l.
351 4109 373 4147 o.
391 4110 416 4161 p.
427 4102 459 4148 57
469 4109 525 4161 sqq.

261 4179 503 4247 lmlaqu
