3116 4780
641 337 809 452 Α

177 558 274 622 tellus
309 559 395 624 vires
429 560 630 634 eontulerunt
666 559 813 642 quodque
846 557 988 625 Sertorio
1022 561 1065 625 ad
1093 559 1272 644 Saguntum
1333 618 1337 624 .

177 667 352 732 maximum
375 669 535 734 exereitus
562 668 788 735 detrimentum
815 669 960 734 intulere.
1004 670 1037 735 Is
1063 676 1171 734 autem
1198 690 1270 736 eum

176 776 384 843 nihilominus
411 778 505 843 ambo
534 778 694 844 exereitus
720 780 882 844 Romanos
911 779 954 845 ad
985 780 1117 845 Turiam
1151 779 1270 847 flumeu

176 875 349 968 agglressus
367 895 462 973 esset,
479 887 569 954 initio
584 889 713 973 quidem
723 888 920 972 Pompeium,
938 890 993 971 qui
1006 888 1166 972 equitibus
1178 910 1270 974 prae-

174 1001 258 1079 erat,
280 996 314 1060 in
335 997 446 1080 fugam
468 1007 593 1065 vertere
609 997 793 1082 videbatur,
816 1017 891 1062 mox
914 1003 1022 1062 autem
1050 999 1199 1065 Metellus
1222 1001 1269 1066 in·

174 1105 313 1171 ferentes
332 1127 366 1172 se
386 1107 532 1173 ferooiter
549 1108 688 1174 hostium
706 1107 816 1191 eopias
834 1108 880 1172 ita
889 1107 1079 1192 profligavit,
1098 1115 1133 1172 ut
1150 1109 1268 1175 ineam-

172 1216 276 1299 posite
299 1217 332 1282 in
358 1217 429 1281 loea
455 1217 692 1283 mediterranea
717 1217 871 1299 fugerent.
922 1218 991 1282 Nee
1008 1222 1117 1285 tamen
1138 1240 1269 1304 proeon·

173 1326 260 1389 sules
290 1326 427 1392 Romani
454 1346 584 1410 sperare
606 1333 793 1412 potuerunt,
823 1323 999 1394 Sertorium
1026 1327 1145 1393 bellum
1173 1331 1268 1396 omis-

172 1453 282 1499 surum
301 1457 380 1502 esse.
425 1438 707 1519 Itaqueiugientes
725 1438 827 1502 seeuti
845 1443 919 1504 sunt
937 1444 970 1503 et
988 1437 1098 1503 urbem
1111 1437 1268 1525 Cluniam,

172 1543 205 1608 in
228 1563 323 1626 quam
342 1544 502 1610 Sertorius
529 1566 563 1611 se
582 1553 761 1630 receperat,
788 1547 1067 1614 oireumsederunt
1109 1548 1172 1614 Ubi
1190 1549 1266 1615 dum

171 1653 291 1719 frustra
308 1661 435 1738 tempus
448 1656 602 1740 terebant,
619 1656 757 1740 Hispani
767 1679 885 1724 novum
898 1658 1072 1724 exereitum
1084 1665 1266 1744 negarunt,

172 1769 203 1827 et
221 1761 381 1829 Sertorius
393 1801 437 1810 —
455 1765 544 1832 haud
566 1766 662 1832 dubie
680 1769 763 1832 elam
785 1768 906 1833 nuntiis
933 1769 1056 1833 eneitus
1072 1804 1116 1814 —
1133 1789 1174 1834 ex
1190 1790 1265 1836 aree

171 1873 296 1956 effugit,
331 1880 366 1938 ut
393 1875 441 1941 illi
469 1877 623 1941 exereitui
649 1882 823 1960 praeesset.
883 1878 952 1942 Iam
986 1879 1265 1962 appropinquabat

170 1981 280 2048 hiems.
332 1985 444 2067 Itaque
468 1986 617 2052 Metellus
648 1991 680 2052 et
702 1987 875 2069 Pompeius
898 1987 1033 2052 hiberna
1056 1989 1265 2074 oireumspee·

170 2097 327 2157 taverunt.
378 2093 443 2160 Sed
460 2116 531 2160 eum
549 2095 717 2178 Hispania,
743 2116 838 2180 quam
866 2097 931 2161 iam
957 2099 1062 2180 priore
1089 2118 1174 2164 anno
1192 2121 1264 2168 eon-

168 2201 284 2265 feetam
299 2208 330 2267 et
348 2205 539 2271 exhaustam
557 2207 657 2271 fuisse
675 2206 830 2290 vidimus,
856 2205 916 2272 hoe
933 2228 1031 2292 anno,
1058 2207 1160 2272 tribus
1183 2209 1262 2274 vali-

168 2313 311 2379 dissimis
336 2315 529 2381 exercitibus
555 2337 627 2382 eam
644 2314 909 2399 pervagantibus,
935 2319 1035 2382 multo
1057 2318 1162 2399 magis
1178 2318 1262 2383 ferro

168 2423 298 2507 ignique
320 2431 449 2490 vastata
473 2434 572 2509 esset,
598 2425 693 2491 ambo
712 2427 871 2492 exereitus
889 2427 1025 2491 Romani
1047 2428 1080 2492 in
1103 2428 1261 2511 Hispania

167 2531 337 2601 hibernare
355 2556 420 2601 non
435 2541 619 2620 potuerunt,
643 2535 779 2618 ideoque
796 2537 969 2620 Pompeius
985 2536 1122 2602 hiemem
1140 2545 1262 2604 transe-

165 2643 211 2725 git
228 2645 263 2710 in
281 2645 445 2730 Vaeeaeis,
463 2646 611 2712 Metellus
627 2646 661 2711 in
680 2646 821 2711 Galliam
840 2646 1004 2712 eonoessit.
1047 2646 1261 2712 ExVaeeaeis

165 2753 337 2837 Pompeius
354 2755 522 2838 epistolam
540 2755 583 2821 ad
601 2763 747 2822 senatum
765 2756 860 2839 misit,
878 2756 1003 2838 inqua,
1029 2756 1092 2820 nisi
1116 2756 1260 2821 subsidia

164 2863 374 2948 mitterentur,
391 2866 525 2930 Romam
544 2886 578 2929 se
595 2872 765 2930 venturum
785 2865 925 2948 seripsit,
947 2864 987 2927 de
1007 2884 1070 2945 qua
1087 2871 1193 2929 aetum
1211 2872 1261 2930 est

165 2971 198 3037 in
217 2978 332 3037 senatu
349 2973 440 3038 initio
467 2974 544 3040 anni
567 2966 682 3061 680174
707 2973 743 3039 L.
760 2974 885 3040 Lieinio
904 2973 1038 3038 Lueullo
1061 2974 1102 3038 Μ.
1125 2975 1257 3040 Aurelio

165 3078 432 3166 Gottaooss.1⁴).
483 3069 518 3148 L.
545 3091 654 3150 autem
677 3083 831 3148 Lueullus
858 3083 1043 3167 priusquam
1070 3082 1113 3147 ad
1137 3082 1258 3149 bellum

164 3227 376 3241 m

234 3310 279 3374 14)
297 3307 342 3361 cfr.
360 3309 428 3362 Plut.
446 3308 512 3360 Sert.
530 3307 610 3360 XXI:
639 3306 856 3379 ἠναγκάσθησαν
874 3310 900 3360 αἱ
917 3310 1066 3378 στρατηγοὶ
1082 3307 1258 3371 διαλυθέντες

115 3379 117 3384 ,
163 3388 245 3463 ὁμὲν
259 3395 296 3452 είς
310 3396 447 3446 Γαλατίαν
460 3391 600 3460 ἀπελθεῖν,
620 3391 765 3465 Πομπήϊος
782 3394 813 3446 δὲ
830 3392 894 3465 περὶ
907 3396 1063 3452 Βακκαίους
1080 3390 1257 3463 διαχειμάσαι
1345 3409 1347 3415 ·

161 3481 309 3552 μοχθηρῶς
331 3475 385 3533 ὑπὸ
409 3477 590 3551 ἀχρηματίας,
614 3474 734 3552 γράφων
755 3477 825 3551 πρὸς
846 3476 894 3544 τὴν
916 3476 1075 3548 σύγκλητον,
1100 3474 1136 3538 ὥς
1157 3477 1256 3541 ἀπάξει

162 3559 211 3615 τὸν
228 3562 354 3636 στρατὸν,
373 3567 398 3618 εἰ
413 3563 453 3634 μὴ
471 3571 608 3635 πέμποιεν
625 3561 760 3637 ἀργύριον
778 3563 861 3632 αὐτῷ.
889 3562 942 3615 Gl'r.
955 3561 1015 3614 Sall.
1033 3561 1049 3616 l.
1064 3563 1080 3614 l.
1097 3593 1128 3602 —
1147 3561 1254 3629 Epistu-

162 3645 213 3699 lam
233 3646 281 3700 Cn.
300 3646 418 3716 Pompeii
440 3649 473 3702 ad
496 3657 615 3703 senatum
638 3651 687 3702 etsi
709 3650 783 3701 initio
802 3665 824 3702 a.
843 3647 938 3721 686174
956 3649 983 3701 in
1000 3655 1093 3700 senatu
1116 3653 1255 3701 recitatam

162 3746 219 3786 esse
246 3741 360 3799 constat,
386 3741 475 3787 tamen
501 3733 678 3789 Niebuhrium
704 3734 737 3802 (l.
755 3749 776 3787 e.
798 3751 822 3802 p.
842 3735 899 3801 44),
927 3733 972 3800 qui
998 3736 1080 3785 ιιιίαα
1104 3752 1173 3786 aaran
1195 3748 1254 3786 eam

161 3821 286 3888 scriptam
305 3832 362 3871 esse
381 3825 478 3884 censet,
497 3834 713 3887 consequamur,
733 3833 786 3871 non
803 3817 938 3872 habemus.
967 3819 1074 3872 Certum
1092 3819 1162 3870 enim
1179 3818 1253 3870 testi-

161 3901 278 3953 monium
300 3907 398 3967 exsut,
430 3917 482 3969 quo
506 3919 564 3957 eam
588 3905 711 3972 scriptam
734 3919 792 3957 esse
819 3919 842 3956 a
867 3912 958 3971 679175
985 3903 1165 3969 confirmatur,
1192 3919 1252 3954 curn

161 3981 305 4038 Diomedes
322 3989 383 4053 (art
401 4001 509 4054 gramm.
527 3987 587 4042 libr.
601 3989 621 4053 l,
638 4005 664 4056 p.
679 3989 742 4054 666)
759 3988 845 4042 locum
863 3989 921 4042 eius
938 3988 1067 4056 epistulae
1085 4003 1118 4040 ex
1136 3989 1252 4041 seeundo

161 4067 278 4120 Sallustii
295 4069 465 4124 historiarum
490 4072 561 4126 libro
587 4072 696 4137 referat,
722 4086 773 4138 quo
800 4088 843 4124 res
867 4088 889 4124 a.
908 4071 999 4138 676176
1021 4080 1111 4138 gestae
1133 4072 1250 4125 eontine-

161 4151 263 4206 hantun
284 4153 343 4223 (cfr.
361 4153 527 4210 Dietschium
550 4158 584 4213 aul
607 4173 664 4211 eam
688 4156 804 4225 epistul.)
830 4156 923 4223 Neque
941 4158 964 4211 si
982 4158 1039 4224 quis
1063 4171 1096 4208 ex
1118 4170 1161 4221 eo,
1180 4156 1251 4222 quod
