3116 4780
878 341 901 416 2

274 538 283 557 ’
313 530 531 628 '‘ihtcilc'c't‘ds
549 544 705 648 est'‚”cunr⁸
719 536 876 631 Servilius
895 564 1085 648 Asculanos,
1102 565 1157 647 qui
1174 563 1322 630 ludorum
1342 587 1447 631 causa

345 680 574 758 convenerant,
603 673 643 738 ob
670 675 880 740 delectionem
899 695 953 740 eos
971 668 1137 759 incusans,
1164 677 1258 741 utin
1285 677 1446 742 socictate

344 786 490 851 Romana
508 790 725 868 remanerent,
751 784 941 851 hortaretur.
985 784 1055 863 Quo
1072 786 1157 850 laeto
1175 785 1295 851 bellum
1318 786 1446 851 sociale

345 891 512 976 exarsit.⁶)
541 895 645 960 Mater
659 894 786 960 Fonteii
805 903 837 960 ct
849 895 985 962 Fonteia
1004 916 1101 977 soror,
1119 896 1210 978 virgo
1224 895 1383 976 Vestalis,
1405 916 1445 961 00

344 1025 444 1086 anno,
462 1023 524 1086 quo
548 1004 796 1088 repetundarum
814 1005 870 1069 ille
888 1011 1059 1070 accusatus
1076 1025 1096 1069 a
1115 1003 1268 1070 Cicerone
1285 1005 1444 1070 defensus

344 1122 447 1179 est-
460 1134 580 1179 annum
599 1105 713 1200 685169
733 1135 806 1180 eum
820 1115 920 1180 luisse
934 1116 1031 1200 paulo
1049 1115 1135 1180 inira
1148 1114 1445 1181 demonstrabimus

342 1259 386 1270 —-
403 1231 606 1309 supererant,
635 1244 769 1307 cumque
792 1245 849 1290 eas
870 1227 973 1291 solum
995 1227 1029 1291 in
1052 1233 1196 1292 extrema
1220 1227 1379 1310 oratione,
1409 1233 1445 1289 ut

342 1334 485 1400 iudicum
498 1334 751 1401 misericordiam
765 1335 915 1418 concitet,
933 1334 1043 1401 Cicero
1061 1336 1268 1401 lacrimantes
1282 1343 1315 1400 ct
1327 1335 1444 1419 populi

342 1444 479 1509 Romani
505 1443 601 1510 fidem
628 1446 836 1529 implorantes
863 1445 963 1512 iaciat
976 1443 1015 1530 l)‚
1041 1467 1146 1530 neque
1172 1465 1304 1511 uxorem
1333 1463 1444 1526 neque

343 1553 460 1620 liberos
496 1555 552 1620 illo
588 1561 731 1640 tempore
761 1554 913 1622 habuisse
945 1556 1115 1623 Fonteium
1146 1556 1351 1640 perspicuum
1382 1561 1444 1619 est.

342 1664 487 1730 Eandem
506 1664 545 1728 ob
564 1685 695 1732 causam
714 1668 747 1732 P.
766 1667 856 1732 illum
873 1665 1057 1752 Fonteium,
1080 1667 1134 1750 qui
1161 1663 1340 1748 „imberbos
1358 1663 1444 1728 adu·

340 1775 549 1859 lescentulus,
567 1796 669 1842 annos
682 1776 797 1858 viginti
815 1781 924 1858 natus,
943 1776 1041 1842 etiam
1059 1776 1179 1841 minor“
1192 1771 1222 1858 8)
1241 1776 1275 1840 P.
1288 1773 1443 1839 Clodium

340 1903 425 1950 anno
444 1876 558 1970 695159
577 1886 758 1970 adoptavit,
777 1887 804 1950 si
823 1887 895 1968 quis
912 1886 1013 1950 Marci
1031 1885 1131 1950 filium
1148 1865 1248 1950 fuisse
1266 1883 1443 1967 existimet,

340 1990 490 2077 opinione
508 1993 635 2059 labitur.
679 1993 758 2060 Cum
776 1995 887 2079 aliqua
906 1994 1134 2078 probabilitate
1152 1996 1251 2060 statui
1269 1999 1390 2078 potest,
1412 1995 1441 2059 si

296 2129 300 2144 ·
340 2121 404 2184 qua
418 2102 575 2169 inhaere
591 2103 775 2168 coniectura
788 2105 833 2168 uti
848 2105 938 2187 licet,
955 2105 989 2168 P.
1004 2105 1174 2170 Fonteium
1191 2089 1290 2170 luisse
1305 2101 1338 2168 0.
1352 2103 1440 2168 Fon-

339 2212 396 2276 teii
419 2211 533 2294 filium,
556 2213 611 2295 qui
633 2214 760 2294 legatus
782 2214 816 2278 in
836 2213 945 2278 Gallia
969 2234 989 2279 a
1011 2215 1052 2279 Μ.
1071 2214 1206 2279 Fonteio
1227 2217 1441 2296 propraetore

339 2341 410 2386 cum
437 2319 470 2388 Ο.
496 2322 602 2389 Annio
626 2323 771 2389 Bellieno
797 2324 871 2389 viae
898 2324 1061 2390 Domitiae
1083 2323 1278 2388 muniendae
1300 2342 1440 2406 praepo-

339 2433 420 2498 situs
451 2429 540 2516 estl)
571 2433 689 2516 quique
720 2434 790 2517 ipse
820 2434 861 2498 M.
894 2433 1009 2498 Fontei
1037 2434 1138 2499 irater
1169 2432 1325 2518 patruelis
1355 2431 1440 2496 milri

338 2542 594 2608 vfflwfflm

421 2653 495 2736 Ipse
521 2652 562 2716 M.
589 2652 744 2718 Fonteius
771 2673 842 2718 oum
869 2653 1041 2719 admodum
1069 2653 1260 2718 adulescens
1292 2653 1335 2717 ad
1366 2672 1438 2717 rem

337 2763 498 2847 publicam
512 2762 667 2828 accedere
684 2762 854 2848 coepisset,
872 2764 1009 2848 primum
1028 2763 1175 2828 triumvir
1192 2769 1241 2828 cst
1258 2760 1438 2844 factus10).

337 2872 439 2950 Quem
464 2874 689 2955 magistratum
718 2874 855 2955 primum
882 2873 973 2938 illum
1001 2873 1142 2955 gessisse
1170 2878 1205 2936 ut
1231 2876 1339 2954 putem
1367 2891 1437 2936 non

260 3000 272 3010 ··
337 2982 440 3047 solum
472 3002 509 3046 eo
542 3003 755 3067 commoveor,
791 2982 877 3064 quod
910 2981 1021 3047 Cicero
1053 2980 1231 3047 defendens
1261 2980 1435 3045 Fonteium

336 3093 474 3175 primum
501 3093 571 3158 eius
597 3093 806 3178 magistratus
834 3092 1029 3157 mentionem
1058 3092 1174 3156 iecisse
1203 3089 1341 3172 videtur,
1372 3091 1435 3153 sed

406 3329 434 3394 6)
453 3325 498 3378 cfr.
523 3343 561 3393 pr.
583 3325 659 3380 Font.
681 3329 702 3394 ξ.
722 3335 751 3378 41
778 3327 848 3395 [01];
873 3319 906 3364 ’-
929 3325 1023 3377 deinde
1046 3341 1137 3378 recens
1161 3320 1283 3377 memoria
1303 3316 1430 3384 parentis,

335 3411 410 3463 cuius
429 3411 556 3476 sanguine
579 3423 632 3462 non
657 3410 741 3462 solum
759 3411 952 3463 Asculanorum
976 3425 1082 3473 manus,
1106 3425 1122 3462 a
1140 3423 1193 3474 qus
1209 3401 1360 3458 interiectus
1379 3407 1431 3464 est,

337 3495 384 3546 sed
402 3501 485 3547 totum
503 3495 569 3548 illud
587 3495 683 3546 sociale
701 3494 800 3546 bellurn
817 3494 921 3546 macula
938 3493 1044 3546 sceleris
1062 3495 1190 3546 imbutum
1209 3497 1261 3554 est,
1283 3489 1349 3553 App.
1367 3486 1433 3538 bell.

335 3580 424 3644 01111,
448 3588 493 3634 38:
521 3578 535 3633 ὁ
554 3581 585 3634 δὲ
602 3579 771 3652 Σερουΐλιος,
795 3574 965 3651 θερμότερον
988 3578 1135 3652 ἐσδραμών
1153 3579 1179 3636 ἐς
1197 3568 1364 3638 1111011101,
1384 3575 1435 3623 καὶ

279 3727 282 3736 Ι
335 3669 554 3739 πανηγυρίζουσι
574 3669 630 3722 τοῖς
649 3661 797 3723 Ἀσκλαίοις
811 3666 941 3733 χαλεπῶς
963 3661 1086 3718 ἀπειλῶν
1109 3661 1239 3736 ἀνῃρέθη.
1273 3659 1434 3730 ἐπανῃρέθη

335 3745 435 3815 duduci
459 3753 505 3802 καὶ
530 3745 675 3814 demptos,
705 3742 734 3806 dc
759 3747 924 3822 ἐπρέσβευεν
946 3748 1028 3818 αὐτῷ.
1065 3746 1159 3800 Vellei.
1177 3745 1217 3808 Il,
1244 3751 1287 3807 15,
1311 3742 1358 3796 011.
1375 3741 1436 3795 Liv.

335 3833 395 3900 cpit.
411 3841 453 3900 72,
473 3835 546 3888 Oros.
559 3833 593 3898 V,
612 3841 650 3885 18.

407 3919 433 3985 t)
450 3935 490 3985 pr.
507 3918 584 3972 Font.
602 3919 623 3984 ξ.
638 3925 671 3970 46
690 3917 748 3986 [36]
763 3932 817 3984 sqq.

405 4005 432 4071 8)
452 4003 506 4056 Cic.
525 4002 557 4055 de
575 4002 642 4054 dom.
661 4007 737 4067 sar,
755 4007 776 4067 ξ.
792 4010 831 4055 37.

405 4089 433 4157 9)
450 4105 489 4156 pr.
506 4087 581 4140 Font.
602 4093 632 4140 18
652 4087 692 4156 [8]
707 4102 744 4152 sq.

405 4175 449 4242 10)
466 4172 530 4229 ibid.
548 4177 571 4240 0.
585 4179 608 4226 a.
