3116 4780
888 378 913 450 4

815 480 983 490 α--ι-

352 595 440 662 niam
458 595 657 681 Campanam
675 596 803 663 omnino
821 596 914 664 nobis
931 597 1074 680 ignotam
1091 597 1232 664 futuram
1249 597 1369 683 fuisse,
1393 596 1461 664 nisi

352 705 463 772 Cicero
499 709 570 772 eius
604 707 811 773 meminisset.
871 708 984 790 Neque
1020 707 1177 774 eiusmodi
1218 709 1461 790 assignationis

350 817 489 898 vestigia
507 837 638 886 manere
656 818 808 903 potuisse,
826 839 907 903 eum,
923 818 1068 884 rescissis
1085 839 1142 902 per
1157 818 1458 884 Sullam-victorem

352 926 434 990 actis
453 924 589 1009 Oinnae,
616 927 798 1010 quicunque
822 928 945 994 sivein
969 928 1104 993 coloniis
1128 929 1196 994 sive
1214 928 1335 994 viritim
1354 949 1459 1010 agros

296 1073 299 1080 ι
351 1035 564 1120 accepissent,
590 1037 632 1102 iis
658 1038 775 1103 iterum
801 1038 887 1121 pulsi
913 1044 1035 1122 essent,
1061 1046 1096 1104 ut
1122 1038 1266 1104 Sullanis
1292 1036 1458 1104 militibus

351 1144 511 1210 cederent.
563 1145 641 1230 Sed,
675 1167 870 1230 quamquam
899 1168 951 1213 res
982 1154 1067 1214 certo
1096 1147 1220 1214 definiri
1246 1169 1311 1214 non
1339 1157 1457 1232 posset

350 1254 515 1337 Marcique
533 1255 660 1322 Fonteii
678 1277 795 1325 nomen
811 1259 846 1323 in
863 1259 1001 1324 nummis
1018 1280 1082 1324 non
1100 1265 1312 1342 compareret,
1329 1264 1456 1339 tamen,

351 1364 428 1446 quia
446 1363 557 1430 Cicero
575 1385 648 1432 eum
665 1369 875 1450 magistratus
905 1375 998 1449 ,ante
1016 1370 1124 1435 oculos
1142 1368 1277 1434 civium“
1306 1367 1455 1449 gessisse

350 1476 483 1558 diceret,
501 1474 542 1539 de
559 1479 712 1544 monetali
730 1479 851 1563 potius,
868 1479 1024 1562 quamde
1042 1479 1170 1561 agrario
1189 1477 1397 1544 triumviratu
1420 1498 1456 1542 se

350 1593 501 1674 cogitare.
1008 1591 1012 1608 “

434 1705 484 1768 De
508 1697 680 1768 Niebuhrii
706 1697 836 1782 quidem
864 1698 1023 1764 sententia
1048 1697 1212 1766 hactenus.
1254 1697 1455 1780 Priusquam

350 1820 458 1880 autem
485 1814 526 1880 de
554 1812 723 1893 sedeque
750 1814 818 1874 tota
846 1827 881 1873 re
907 1807 985 1890 quid
1017 1807 1208 1890 iudicemus,
1239 1827 1456 1892 exponamus,

350 1944 434 2006 quae
452 1923 510 1989 alii
528 1929 601 2007 post
617 1919 830 1987 Niebuhrium
848 1917 1046 2002 putaverint,
1069 1916 1246 1983 videamus.
1288 1919 1361 1984 Duo
1384 1919 1454 1984 viri

283 2025 284 2028 '
350 2033 425 2098 huic
451 2034 498 2099 rei
525 2053 655 2116 operam
682 2033 859 2095 naverunt:
886 2024 1093 2109 Klotzius¹⁸)
1119 2033 1150 2094 et
1168 2024 1472 2110 Drumannussst

349 2144 397 2207 Ac
411 2143 538 2208 Klotzio
552 2142 706 2207 Fonteius
719 2139 847 2204 videtur
859 2139 1007 2204 triumvir
1024 2139 1195 2204 monetalis
1212 2140 1322 2221 luisse,
1341 2157 1453 2220 neque

349 2271 425 2317 vero
438 2251 554 2334 quibus
568 2251 674 2316 causis
692 2250 793 2314 fretus
810 2248 844 2312 id
862 2255 1006 2333 censeat,
1024 2247 1197 2333 profitetur.
1229 2248 1348 2314 Contra
1361 2250 1450 2314 Dru-

347 2381 484 2427 mannus
501 2361 589 2426 haud
606 2359 703 2425 dubie
723 2358 925 2424 triumvirum
949 2359 1094 2424 coloniae
1117 2357 1326 2423 deducendae
1343 2359 1450 2424 luisse

348 2471 439 2536 illum
456 2477 562 2554 putat,
580 2491 631 2554 eo,
649 2467 734 2552 quod
752 2469 785 2533 in
802 2469 939 2552 pecunia
956 2468 1099 2533 maxima
1113 2468 1283 2534 tractanda
1296 2474 1449 2534 versatus

351 2581 393 2646 sit
411 2580 560 2663 quodque
576 2581 660 2646 ratio
678 2580 708 2644 ei
726 2576 893 2643 reddenda
910 2578 1015 2643 tuerit.

432 2691 539 2773 Atque
557 2697 592 2754 ut
610 2689 741 2755 redeam
760 2687 803 2751 ad
821 2687 990 2752 Niebuhrii
1009 2688 1216 2771 sententiam,
1243 2688 1446 2754 laudandum

347 2800 476 2886 quidem
504 2805 581 2884 puto
608 2821 695 2881 eum,
723 2804 883 2881 quaerat
909 2797 1054 2862 doctrina
1080 2805 1112 2864 et
1137 2798 1307 2879 diligentia
1333 2799 1446 2883 plures

347 2911 495 2975 attulisse
518 2929 648 2994 causas,
676 2929 731 2974 cur
749 2907 868 2974 nemin
885 2907 992 2972 medio
1009 2908 1188 2992 reliquerit,
1213 2914 1324 2972 tamen
1345 2907 1445 2972 miror

346 3020 443 3085 nimis
461 3040 533 3084 cum
552 3025 680 3084 cautum
698 3019 811 3100 tuisse,
839 3037 910 3082 cum
929 3037 996 3082 rem
1015 3017 1109 3082 facile
1128 3017 1307 3083 diiudicare
1324 3023 1444 3100 posset.

346 3130 488 3195 Primum
519 3129 604 3194 enim
635 3126 768 3192 dubium
798 3147 871 3193 esse
901 3148 965 3194 non
996 3134 1114 3211 potest,
1149 3128 1226 3208 quin
1256 3129 1290 3193 in
1320 3129 1442 3192 maiore

345 3241 482 3323 pecunia
517 3237 686 3304 tractanda
720 3237 987 3320 procurandaque
1021 3236 1142 3302 versati
1182 3237 1246 3301 sint
1283 3237 1441 3304 triumviri

256 3373 258 3376 ·
345 3351 539 3432 monetales,
557 3367 653 3431 quam
671 3347 829 3412 triumviri
848 3348 981 3412 coloniis
994 3345 1199 3411 deducendis
1228 3347 1313 3412 Nam
1330 3346 1440 3410 trium-

344 3457 405 3522 viri
429 3459 607 3523 monetales
634 3459 703 3523 aeri
730 3464 863 3539 argento
890 3477 969 3522 auro
996 3455 1103 3522 flando
1121 3456 1268 3522 feriundo
1286 3453 1439 3538 praetecti

345 3574 451 3651 erant,
479 3588 614 3650 cumque
632 3567 735 3632 omnis
753 3567 905 3649 pecunia,
932 3587 1016 3649 quae
1041 3567 1075 3631 in
1102 3565 1265 3651 publicum
1282 3564 1440 3648 prodibat,

344 3674 471 3740 illorum
488 3676 564 3741 fidei
586 3677 756 3741 commissa
778 3684 876 3761 esset,
904 3677 1131 3759 sempiternum
1160 3683 1229 3740 erat
1255 3676 1441 3760 periculum,

344 3805 385 3849 ne
403 3786 437 3850 in
458 3785 571 3866 ,lurti“
592 3785 676 3869 quod
691 3784 801 3852 Cicero
816 3792 1055 3870 commemorat,
1073 3787 1198 3851 aliusve
1214 3785 1323 3850 delicti
1339 3784 1440 3868 suspi-

415 3959 445 4003 13
488 3991 494 4002 .
527 3993 532 4003 .
570 3991 574 4000 .
640 3992 645 4003 .

415 3953 460 4102 143
478 3953 637 4088 {paescfficffi
655 4036 736 4088 Roms
762 4038 789 4087 in
816 4037 915 4088 seinem
941 4034 1116 4102 Ucbergange
1144 4050 1195 4089 von
1220 4036 1268 4088 der
1291 4035 1438 4103 republica-

344 4119 452 4173 nisehen
469 4137 518 4173 zur
535 4120 751 4174 monarchischen
768 4118 942 4187 Verfassung.
978 4120 1158 4187 Konigsbcrg‚
1178 4128 1243 4173 1834
1261 4135 1317 4188 sqq.
1344 4119 1391 4171 Bd.
1405 4119 1439 4185 V,

345 4221 371 4272 p.
387 4213 443 4258 329.
