3116 4780
672 1323 739 1396 1v.

28 1419 29 1464 ᾗ
219 1471 400 1560 Quomodo
425 1471 627 1557 fragmenta
653 1475 828 1543 orationis
849 1492 916 1560 pro
939 1459 1090 1541 Fonteio
1113 1473 1187 1541 slnt
1302 1488 1304 1492 ·

105 1591 109 1597 '
579 1584 808 1653 'ordlnanda

239 1731 404 1798 Oieeronis
428 1753 486 1816 pro
509 1734 550 1798 M.
573 1733 708 1798 Fonteio
733 1735 838 1800 oratio
861 1751 1057 1817 quamquam
1084 1731 1126 1798 iis
1148 1753 1250 1799 annu-

154 1842 309 1908 meranda
327 1849 384 1924 est,
402 1861 537 1924 quarum
551 1844 698 1925 singulae
713 1842 933 1910 tantummodo
946 1849 1056 1926 partes
1070 1848 1250 1926 supersunt,

154 1960 263 2018 tamen
279 1953 421 2018 virorum
438 1951 602 2019 dootorum
620 1973 719 2039 opera
737 1972 776 2022 ao
793 1954 972 2036 sagaeitate
988 1953 1109 2018 laetum
1128 1958 1192 2035 est,
1215 1958 1251 2018 ut

155 2060 204 2127 bis
220 2062 281 2128 hoe
299 2065 427 2128 saeoulo
445 2063 515 2128 eius
531 2062 712 2145 fragmenta
729 2067 822 2132 novis
844 2063 985 2132 inventis
1002 2062 1249 2144 adaugerentur.

236 2172 322 2236 Nam
348 2179 425 2238 ante
450 2173 577 2238 initium
603 2173 698 2240 huius
724 2176 845 2242 saeculi
872 2194 912 2240 ea
938 2179 1063 2240 tantum
1095 2172 1250 2237 orationis

149 2301 228 2364 ¹pars
245 2287 324 2348 nota
342 2289 498 2364 eratque
516 2283 556 2348 de
575 2291 785 2367 propraetura
799 2284 927 2352 Fonteii
945 2285 1053 2366 agitur
1071 2281 1118 2367 (in
1136 2282 1250 2348 editio·

153 2390 248 2456 nibus
265 2393 307 2470 ἐξ
321 2387 468 2474 11-49).
511 2392 603 2470 Quae
620 2414 697 2477 pars
714 2417 779 2462 non
796 2397 899 2462 solum
912 2395 947 2460 in
959 2394 1069 2460 eodioo
1082 2393 1250 2472 Vaticano,

153 2503 205 2582 qui
222 2509 273 2568 est
290 2502 528 2568 vetustissimus
544 2523 584 2568 ao
600 2499 936 2587 praestantissimum)
960 2505 1078 2586 quiquo
1101 2503 1136 2568 in
1159 2500 1250 2566 tabu·

152 2612 233 2676 lario
260 2605 416 2677 basilioae
437 2613 616 2680 Vatioanae
641 2623 840 2699 asservator,
867 2615 1042 2698 invenitur,
1069 2613 1250 2680 sedetiam
1289 2594 1296 2607 ’

152 2719 298 2803 pluribus
321 2721 356 2786 in
380 2722 455 2788 aliis
472 2723 605 2788 minoris
623 2725 718 2805 pretii
737 2725 915 2807 oodieibua,
937 2743 1070 2806 quorum
1089 2720 1248 2786 Selisbur-

151 2849 282 2910 gensem
309 2832 450 2898 aulieum
474 2854 505 2898 n.
526 2835 566 2896 34
593 2853 678 2898 nuno
700 2833 771 2898 ood.
797 2835 868 2898 Lat
890 2832 1117 2898 Monaoensem
1145 2833 1248 2894 15734

151 2942 335 3008 nominasse
353 2943 433 3006 satis
452 2943 501 3008 sit.

234 3051 410 3119 Praeterea
441 3059 517 3120 ante
547 3052 581 3116 id
608 3060 734 3135 tempus
766 3055 972 3144 innotuerant
1004 3051 1150 3116 nonnulli
1177 3051 1248 3130 looi,

151 3181 232 3242 quos
255 3183 295 3228 ex
317 3161 480 3250 Oioerom's
501 3181 559 3244 pro
581 3161 716 3228 Fonteio
739 3164 885 3230 oratione
908 3162 1113 3245 depromptos
1135 3159 1248 3224 lauda·

150 3279 264 3338 verant
285 3272 518 3351 Quintilianus,
536 3270 656 3352 Aquila
675 3272 852 3355 Romanus,
874 3273 1065 3338 Ammianus
1089 3269 1249 3336 Mareelli-

150 3403 221 3466 nus,
238 3383 418 3449 Martianus
435 3381 578 3465 Capella,
591 3382 694 3448 Iulius
711 3383 829 3448 Vietor.

235 3492 331 3558 Anno
353 3497 462 3558 autem
488 3494 569 3556 1820
592 3493 656 3559 tria
677 3498 762 3559 nova
785 3492 986 3558 Fonteianae
1009 3491 1191 3571 fragments
1215 3490 1248 3554 in

150 3600 313 3683 publieum
331 3602 526 3688 prodierunt,
543 3602 647 3688 primo
665 3604 754 3669 edita
771 3623 791 3668 a
809 3603 846 3668 R
864 3602 902 3668 G.
918 3597 1145 3680 Niebuhriol).

235 3710 315 3776 Cum
350 3713 435 3777 enim
465 3712 587 3776 Paulus
616 3712 774 3778 Brunsius
802 3721 834 3778 et
866 3712 960 3777 Vitus
990 3710 1179 3776 Iuvenatius
1214 3710 1248 3776 in

150 3818 250 3884 nobili
270 3820 326 3885 illo
338 3821 447 3887 eodioe
457 3822 607 3888 Palatino
619 3821 832 3910 bibliothecae
844 3821 1030 3902 Vatioanae,
1048 3820 1102 3902 qui
1116 3817 1248 3903 Tobiae,

222 3991 248 4056 1)
265 3988 312 4040 cfr.
335 3988 367 4040 de
390 4002 422 4038 eo
445 3987 604 4041 Bursianum
630 3991 658 4042 iu
684 3989 784 4042 Baiteri
805 3986 954 4052 Halmiique
979 3985 1114 4038 Ciceronis
1136 4000 1245 4050 operum

87 4103 90 4108 ·
149 4073 265 4126 editione
284 4073 367 4126 altera
383 4082 410 4138 2,
429 4091 454 4140 p.
470 4082 543 4126 1223.

222 4160 250 4225 ⁶2)
266 4158 283 4210 l.
301 4173 322 4210 c.

1000 4243 1034 4295 3*
