3116 4780
813 357 860 431 14

745 460 916 473 ·-—-—-

285 576 456 661 Sertorius,
480 598 542 662 quo
561 578 689 644 facilius
708 586 739 644 et
757 581 887 645 Metello
914 586 946 645 et
959 573 1111 665 Pompeio
1129 581 1307 667 resisteret,
1330 568 1398 647 coss

282 686 354 768 pias
372 706 448 752 suas
470 689 504 752 in
522 693 670 769 quattuor
686 697 796 773 partes
814 690 979 775 diviserat,
997 712 1094 756 unam
1116 691 1198 757 duce
1215 692 1379 776 Perperna
1400 779 1403 786 Ι

281 802 434 878 posuerat
451 795 494 860 ad
512 797 627 862 ostium
645 799 765 884 Hiberi,
784 801 928 884 alteram,
942 800 993 866 cui
1011 801 1189 866 Hirtuleius
1205 791 1379 886 praeesset,

282 904 325 969 ad
342 906 469 970 Baetim
486 904 618 992 flumen,
641 910 771 974 tertiam
789 930 861 975 cum
879 909 912 976 0.
930 909 1092 977 Herennio
1119 911 1201 978 duee
1222 913 1268 977 ita
1294 912 1379 977 loca·

281 1021 382 1099 verat,
400 1020 434 1079 ut
452 1017 690 1102 etPerpemam
709 1026 741 1085 et
752 1020 947 1086 Hirtuleium
967 1022 994 1085 si
1011 1041 1091 1104 opus
1110 1027 1204 1104 esset,
1221 1019 1379 1086 adiuvare
1439 1005 1442 1012 ⁴

282 1129 400 1208 posset,
417 1125 487 1208 ipse
506 1126 692 1194 substiterat
710 1130 744 1195 in
763 1129 927 1211 superiore
937 1129 1049 1196 Hiberi
1067 1137 1167 1214 parte.
1211 1129 1276 1194 Sed
1286 1131 1379 1194 Pom-

281 1235 373 1317 peius
386 1236 560 1320 Perperna,
578 1238 632 1319 qui
651 1235 724 1302 eum
743 1239 880 1304 transitu
899 1238 1068 1322 prohibere
1086 1238 1276 1324 conabatur,
1294 1240 1379 1305 eius-

268 1363 343 1425 .que
371 1346 512 1410 exercitu
536 1348 664 1430 repulso
690 1346 844 1413 Hiberum
880 1350 1045 1432 superavit
1072 1355 1104 1414 et
1130 1351 1164 1414 in
1191 1349 1377 1416 interiorem

279 1452 469 1536 Hispaniam
487 1456 648 1537 profectus
666 1464 724 1524 est.
766 1458 799 1525 0.
808 1459 969 1525 Herennio
988 1459 1031 1523 ad
1049 1458 1232 1524 Valentiam
1250 1459 1378 1524 devicto

280 1562 389 1627 urbem
407 1566 511 1647 ipsam
530 1568 728 1648 expugnavit
745 1569 858 1634 eodem
876 1569 943 1633 lere
961 1574 1121 1652 tempore,
1147 1579 1209 1652 quo'
1227 1569 1378 1633 Metellus
1402 1548 1409 1568 ’

278 1670 428 1738 Hirtuleii
452 1676 626 1740 exercitum
649 1677 692 1742 ad
714 1679 862 1744 Italicam
889 1677 1079 1761 profligavit.
1123 1678 1203 1744 (lum
1224 1679 1295 1761 ipso
1319 1697 1377 1742 au-

278 1787 342 1846 tem
359 1780 500 1848 Sertorio
519 1786 690 1869 Pompeius
707 1788 845 1854 adverso
861 1788 966 1852 Marte
983 1788 1148 1871 pugnavit.
1192 1787 1271 1853 Cum
1289 1788 1375 1853 enim

278 1889 472 1964 Lauronem,
498 1894 608 1959 urbem
627 1896 671 1961 ad
689 1897 862 1962 Sucronem
877 1899 985 1981 sitam,
1014 1917 1097 1981 quae
1120 1898 1196 1980 quia
1219 1898 1284 1962 iam
1303 1896 1375 1963 Ser·

277 2001 349 2064 terii
378 2002 506 2068 fortuna
533 2005 688 2071 inclinare
723 2006 894 2073 videbatur
929 2007 972 2072 ad
1003 2007 1164 2072 Romanos
1192 2007 1374 2073 desciverat

276 2129 410 2193 eamque
428 2113 531 2195 ipsam
544 2113 584 2179 ob
595 2135 726 2180 causam
745 2115 917 2182 asertorio
936 2116 1190 2200 oppugnabatur,
1208 2114 1373 2182 obsidione

275 2219 413 2287 liberare
431 2223 587 2307 studeret,
614 2225 742 2293 insidiis
764 2231 878 2308 captus
895 2245 1046 2308 magnam
1065 2227 1224 2292 exercitus
1245 2233 1370 2310 partem

274 2330 382 2395 amisit
408 2353 509 2416 neque
537 2333 692 2416 impedire
719 2337 836 2419 potuit,
869 2337 1037 2418 quominus
1064 2336 1224 2402 Sertorius
1259 2335 1370 2402 urbem

274 2449 481 2523 expugnaret.
984 2528 989 2538 ι

358 2551 444 2616 Fieri
470 2559 578 2619 autem
596 2576 660 2620 non
677 2555 789 2639 potuit,
816 2556 892 2637 quin
910 2557 1078 2638 Hispania,
1096 2553 1322 2619 florentissima
1339 2560 1371 2620 et

272 2658 433 2726 uberrima
450 2663 628 2747 provincia,
654 2669 708 2728 tot·
724 2672 756 2729 et
777 2667 877 2731 tantis
895 2662 1087 2730 exercitibus
1110 2683 1182 2728 eam
1200 2662 1369 2731 obtinenti-

272 2767 340 2854 bus,
360 2771 590 2838 exhauriretur.
634 2775 675 2838 Ht
688 2775 829 2858 profecto
844 2776 910 2840 iam
922 2776 977 2839 illo
995 2795 1080 2840 anno
1097 2774 1249 2839 miseram
1267 2775 1368 2840 fuisse

271 2879 449 2963 Hispaniae
476 2882 709 2966 condicionem,
739 2905 780 2950 ex
811 2905 848 2950 eo
884 2885 1092 2968 cognoscitur,
1126 2883 1211 2966 quod
1246 2884 1367 2950 Metelli

270 2990 425 3054 exercitui
443 3012 483 3056 ex
502 2993 610 3056 Gallia
627 3001 823 3060 commeatus
840 2993 1010 3061 subvectus
1028 2999 1077 3059 est
1098 2989 1157 3074 ²³).

354 3101 503 3167 Proximo
530 3123 615 3168 anno
634 3100 748 3188 679175
766 3105 896 3169 Metello
923 3106 957 3168 in
969 3099 1151 3168 'citeriorem
1168 3103 1366 3184 provinciam

269 3199 413 3292 ingresso
432 3213 468 3276 L.
486 3211 663 3278 Hirtuleius
690 3209 732 3278 ad
750 3213 862 3279 urbem
880 3213 1051 3295 Segouiam
1076 3210 1203 3275 obviam
1227 3231 1262 3275 se
1280 3210 1365 3277 obie-

269 3320 320 3403 cit,
337 3322 458 3404 proelio
477 3326 586 3386 autem
599 3323 703 3388 victus
722 3324 791 3407 ipse
809 3324 931 3390 cecidit.
976 3322 1059 3386 Tum
1075 3320 1261 3402 priusquam
1269 3321 1363 3414 l'om-

268 3430 360 3511 peius
383 3438 415 3494 et
438 3431 588 3496 Metellus
605 3453 697 3498 arma
723 3435 953 3516 consociarent,
982 3430 1155 3512 Sertorius,
1183 3448 1279 3510 quam
1302 3431 1364 3513 pri-

268 3557 354 3602 mum
380 3546 503 3622 posset,
534 3542 704 3624 confligere
733 3565 807 3608 cum
833 3543 986 3626 Pompeio
1016 3538 1201 3624 properavit
1228 3559 1363 3621 eumque

268 3644 311 3710 ad
329 3644 502 3713 Sucronem
528 3652 612 3716 vicit.
656 3654 768 3735 Neque
796 3672 961 3717 ueroeam
980 3643 1106 3715 cladem
1125 3647 1363 3714 memorabilem

266 3754 367 3820 fuisse
386 3758 561 3826 verisimile
579 3768 628 3826 est
645 3751 731 3846 ideo,
751 3761 835 3844 quod
853 3763 950 3845 paulo
968 3766 1039 3844 post
1056 3760 1230 3842 Pompeius
1249 3764 1281 3822 et
1298 3757 1363 3822 Me-

338 4015 382 4080 13)
400 4010 445 4064 ot'r.
459 4012 521 4064 Sall.
535 4012 594 4063 hist.
603 4011 637 4075 Il,
652 4020 691 4076 96,
707 4021 720 4063 9
733 4011 766 4063 D.
780 4010 904 4079 (Epistul.
920 4009 967 4062 On.
981 4008 1070 4075 Pomp.
1085 4009 1118 4061 ad
1132 4009 1241 4074 senat.):
1260 4005 1364 4072 „Gabia

267 4097 403 4162 superiore
420 4111 489 4149 anno
505 4095 605 4150 Metelli
622 4096 766 4150 exercitum
783 4093 914 4161 stipendio
928 4095 1111 4160 fiumentoque
1129 4093 1218 4146 aluit.“
1229 4123 1262 4132 —
1277 4092 1359 4158 Supe-

161 4234 164 4239 ,
266 4181 360 4234 riorem
379 4196 477 4234 annum
495 4197 518 4234 a
538 4171 629 4251 678176
648 4196 706 4235 esse
723 4179 793 4233 inira
810 4178 1006 4234 demonstrabo.
