3116 4780
873 389 896 465 6

802 495 970 504 --—-—-—

342 623 450 684 autem
468 623 534 682 tres
552 612 661 698 attulit
679 613 832 680 orationis
850 615 949 698 looos,
975 635 1016 681 ex
1045 612 1161 699 quibus
1183 611 1444 678 luculentissime

341 732 490 811 apparet,
525 726 648 790 Romae
674 724 843 790 Fonteium
869 743 906 789 eo
934 745 1066 792 munere
1096 725 1240 789 iunctum
1266 741 1350 788 esse.
1394 721 1444 788 Ao

340 839 478 923 primurn
497 855 568 918 oum
586 832 697 900 Oioero
707 837 718 874 ¹
728 831 758 918 ⁹)
776 834 818 900 de
835 835 973 918 negotiis
990 835 1167 918 disserens,
1181 852 1269 916 quae
1282 831 1443 898 Fonteius

341 953 492 1033 quaestor
506 944 655 1028 gesserit,
673 944 779 1009 dieat:
810 942 951 1024 ,Quibus
969 945 1004 1010 in
1021 945 1116 1011 terris
1133 947 1259 1026 gestum
1272 942 1441 1024 negotium

342 1056 416 1123 est?
452 1057 532 1130 ltlo,
556 1055 616 1140 etto
639 1054 765 1135 inquam
787 1057 871 1128 loco,
891 1075 978 1136 quem
995 1058 1148 1128 videtir“,
1177 1053 1338 1118 aerarium
1365 1071 1440 1117 eum

341 1167 521 1248 intelligere
540 1163 674 1230 evidens
692 1170 754 1248 est,
772 1165 882 1249 inquo
897 1172 1084 1250 quaestores
1101 1163 1232 1246 negotia
1250 1181 1310 1227 sua
1324 1181 1441 1244 gerere

341 1274 496 1342 solebant.
531 1273 611 1340 (ium
629 1279 737 1340 autern
755 1276 918 1340 aerarium
936 1295 1034 1359 supra
1051 1275 1155 1341 forum
1172 1272 1347 1339 eminuisse
1366 1291 1441 1337 oon-

236 1437 240 1446 .
341 1391 419 1469 stet,
443 1385 623 1469 cognoscis,
647 1383 832 1452 Ciceronem
851 1385 977 1452 Fonteii
996 1403 1127 1452 oausam
1145 1383 1180 1448 in
1196 1384 1276 1464 soro
1298 1383 1441 1445 Romano

341 1495 568 1562 defendentem
597 1515 662 1560 non
686 1495 803 1561 melius
830 1516 902 1560 eum
937 1497 1042 1561 locum
1072 1491 1253 1576 significare
1283 1491 1441 1575 potuisse,

342 1624 404 1689 quo
430 1623 488 1689 per
514 1605 591 1670 anni
619 1604 756 1689 spatium
779 1605 958 1688 quaestoris
981 1623 1116 1672 munera
1133 1601 1256 1669 obierat
1274 1601 1443 1668 Fonteius.

342 1716 517 1780 Praeterea
540 1719 647 1780 autem
673 1715 795 1779 Romae
818 1713 986 1780 Fonteium
1009 1714 1149 1796 gessisse
1176 1717 1384 1796 quaesturam
1408 1719 1442 1777 et

342 1846 383 1892 ex
413 1845 451 1890 eo
483 1827 553 1891 loeo
581 1822 795 1908 eoncluditur,
825 1843 887 1907 quo
917 1825 1118 1890 triumvirum
1143 1823 1337 1888 monetalem
1364 1841 1441 1886 eum

342 1935 442 2000 luisse
469 1934 649 2001 confirmari
676 1931 1027 2016 demonstravimus20)
1058 1941 1157 2000 etex
1184 1952 1237 2018 eo,
1268 1950 1329 2016 quo
1360 1938 1442 1998 ante

341 2045 535 2128 legationem
553 2043 799 2128 Hispaniensem
822 2050 854 2110 et
871 2045 1112 2111 Macedonicam
1134 2043 1263 2110 omnino
1287 2063 1352 2108 non
1375 2042 1443 2108 nisi

342 2155 462 2221 Romae
481 2175 554 2220 eum
566 2154 776 2236 magistratus
793 2155 934 2236 gessisse
952 2152 1151 2238 comprobari
1168 2148 1380 2235 diximus.²¹)

427 2262 610 2342 Quaestura
623 2263 849 2330 administrata
864 2263 1018 2330 Fonteius
1033 2267 1161 2344 legatus
1176 2267 1209 2326 ιἰι
1224 2263 1399 2326 alteriore²
1407 2262 1441 2346 ²)

344 2375 505 2456 Hispania
536 2374 642 2440 iactus
673 2378 733 2458 est,
772 2371 1093 2457 ,turbulentissimo“,
1127 2378 1161 2439 ut
1192 2372 1238 2438 ait
1264 2371 1440 2458 Oioero²³)

346 2484 559 2569 „reipublicae
595 2489 751 2569 tempore,
791 2503 863 2550 oum
898 2482 1038 2550 adventu
1073 2485 1111 2550 L.
1144 2483 1256 2551 Sullae
1294 2485 1442 2549 maxumi

342 2594 503 2659 exereitus
531 2590 575 2679 [in
601 2589 806 2679 Italiam]²⁴)
833 2593 951 2660 civium
976 2582 1172 2661 dissiderent
1194 2598 1232 2656 de
1252 2591 1383 2658 iudiciis
1400 2613 1444 2660 ao

341 2702 498 2785 legibus“.

341 2817 552 2828 -—..—-.

412 2857 489 2922 rebe
491 2865 533 2909 .4.

412 2942 523 3007 2333)

413 3028 628 3176 misr-iffi?
635 3112 708 3182 [35]:
739 3110 915 3166 Constituitnr
941 3111 1047 3180 [contra
1073 3108 1166 3164 Gallos
1193 3110 1332 3166 Fonteium
1360 3129 1440 3166 acon

412 3028 457 3093 24)

413 3113 458 3178 22)

343 3197 444 3264 santes]
464 3209 496 3248 ex
516 3195 601 3248 altera
618 3201 693 3263 parte
710 3199 821 3248 ulterior
838 3195 980 3263 Hispania,
999 3210 1066 3263 quae
1085 3211 1106 3248 e.
1115 3202 1164 3252 tc.

413 3281 527 3346 23)33

414 3365 459 3430 4)

414 3364 543 3418 24Οιιιιι
561 3364 646 3418 codex
663 3365 806 3432 rescriptus
824 3380 903 3429 „oum
921 3365 978 3418 adv.
997 3365 1027 3416 L.
1044 3363 1107 3417 Sull.
1125 3366 1241 3419 maxumi
1260 3366 1392 3419 exercitus
1409 3367 1438 3418 in

342 3449 447 3504 ltaliam
473 3449 569 3502 civium
595 3449 753 3504 dissiderent
774 3450 878 3504 iudiciis
901 3466 931 3504 ac
954 3448 1059 3518 legibus
1071 3455 1084 3478 ‘⁶
1112 3447 1249 3515 exhibeat,
1276 3465 1343 3519 quae
1365 3448 1439 3502 haud

344 3534 422 3587 dubie
450 3540 574 3602 corrupta
600 3542 673 3600 sunt,
699 3535 830 3602 duplicem
858 3535 1013 3590 emendandi
1040 3533 1169 3587 rationem
1194 3550 1251 3590 esse
1274 3536 1438 3590 Niebuhrius

343 3618 455 3688 putavit,
473 3621 595 3684 alteram,
614 3636 694 3688 quam
712 3621 768 3689 ipse
786 3621 854 3686 iniit,
873 3629 903 3674 ut
920 3620 1062 3674 scriberet:
1081 3636 1156 3684 „cunr
1172 3618 1287 3672 adventu
1301 3617 1332 3674 L.
1348 3619 1437 3673 Sullae

343 3706 371 3758 in
388 3705 492 3759 Italiam
514 3707 630 3760 maxumi
652 3707 784 3760 exercitus
807 3707 902 3760 civium
925 3705 1082 3760 dissiderent
1099 3705 1131 3758 de
1153 3704 1257 3760 iudiciis
1275 3721 1305 3758 ac
1324 3704 1437 3771 legibue,

344 3791 466 3856 alteram,
485 3806 563 3858 quarn
580 3791 639 3844 iniit
655 3791 784 3857 Halmius,
802 3798 831 3845 ut
848 3792 1020 3846 scriberetur:
1044 3806 1081 3854 ,a
1099 3789 1156 3843 adv.
1174 3789 1204 3842 L.
1221 3789 1246 3842 S.
1264 3805 1332 3843 max.
1351 3805 1438 3844 exerc.

343 3876 391 3928 civ.
408 3876 436 3928 in
452 3876 529 3930 Italia
546 3875 652 3930 dissid.“
678 3875 809 3942 Equidem
826 3877 913 3930 iudico
931 3876 1012 3930 rerba
1030 3877 1073 3940 „in
1086 3875 1205 3929 Italiam*
1223 3889 1277 3926 non
1293 3872 1435 3937 Ciceronis,

343 3961 390 4014 sed
406 3960 511 4014 librarii
528 3960 664 4014 cuiusdam
681 3975 751 4026 esse,
775 3961 873 4028 quibus
891 3961 1023 4029 explicare
1040 3960 1141 4014 studuit
1158 3974 1249 4014 rocem
1273 3959 1437 4024 „adventn“.

343 4045 384 4098 Eo
403 4045 473 4098 enim
490 4051 621 4112 tempore,
639 4061 690 4112 quo
704 4045 810 4100 Fonteii
823 4061 903 4100 causa
921 4052 980 4100 acta
998 4052 1050 4111 est,
1067 4044 1342 4099 commemorationem
1359 4045 1438 4099 unius

343 4131 415 4184 vocis
437 4129 583 4195 ,ιιᾶιιιιιιιιι44
605 4129 693 4184 Sullae
716 4131 851 4190 suffecisse
874 4131 907 4184 ad
930 4129 1131 4198 intelligendum
1153 4145 1220 4197 qnae
1239 4130 1331 4183 Cicero
1350 4129 1437 4185 dicere
1496 4193 1497 4196 Ἴ

343 4216 433 4281 vellet,
451 4228 528 4267 nemo
546 4221 597 4281 est,
616 4215 661 4282 qui
679 4222 764 4283 neget
