3116 4780
631 367 800 484 A

167 609 247 673 quos
264 589 452 673 disposituri
466 609 576 654 sumus
588 608 654 655 non
667 588 731 654 nisi
743 585 885 671 duos¹⁷)
899 590 1027 674 proprie
1047 589 1264 672 ,fragmenta“

168 699 233 764 diei
250 713 356 784 posse.
400 699 438 764 In
455 697 558 765 tribus
575 699 661 766 euim
679 700 754 764 aliis
767 700 895 766 illomm
908 700 1059 784 looomm,
1076 699 1131 783 qui
1143 699 1267 765 inveni·

167 814 265 874 untur
282 809 370 893 apud
381 807 624 894 Quintilianum,
637 809 843 877 Arnmianum
853 810 1085 894 Mareellinum,
1103 809 1137 876 O.
1148 809 1267 875 Iulium

167 919 331 985 Vietorem
349 921 466 1004 quique
480 921 667 1004 plerumque
680 921 861 1004 irugmeuta
873 921 1089 1003 nominantur,
1105 919 1154 985 illi
1169 918 1266 1002 sorip

167 1037 253 1095 tores
276 1051 341 1096 non
363 1027 549 1099 ciceronem
572 1031 677 1114 ipsum
701 1031 884 1114 loquentem
911 1029 1119 1114 induxerunt,
1149 1030 1208 1096 sed
1230 1035 1266 1094 ut

168 1139 352 1224 redderent,
380 1159 464 1223 quae
490 1137 600 1207 Oioero
627 1139 769 1224 dixerat,
799 1141 983 1208 aoousetivo
1010 1157 1082 1205 oum
1107 1139 1265 1206 infinitivo

165 1257 243 1316 sunt
267 1251 333 1334 usi,
361 1249 567 1334 quamobrem
592 1251 720 1317 etiamsi
750 1251 928 1318 orationem
957 1250 1118 1334 obliquam
1141 1250 1266 1316 direeta

69 1382 72 1392 ¹
166 1367 374 1444 mutaremus,
396 1359 678 1428 Cicerooiruerba
695 1381 755 1426 nos
771 1363 880 1442 legere
897 1381 955 1445 pro
975 1367 1061 1442 oerto
1075 1381 1140 1428 non
1156 1379 1266 1444 posse·

166 1490 240 1536 mus
256 1467 426 1537 affirmare.
457 1471 529 1538 Uno
547 1477 656 1536 a'utem
673 1471 752 1555 loeo,
770 1472 824 1554 qui
843 1472 1006 1538 invenitur
1023 1470 1110 1556 apud
1127 1469 1265 1536 eundem

166 1580 258 1646 illum
276 1580 394 1645 Iulium
412 1578 643 1665 Viotorem1⁸),
662 1600 819 1664 quemque
840 1581 1008 1664 ignorasse
1030 1580 1157 1647 ridetur
1175 1578 1265 1644 Klei-

55 1781 56 1786 .
166 1688 241 1755 nius
259 1687 424 1756 Gioeronis
447 1689 547 1756 verba
568 1691 691 1756 servari
710 1712 752 1768 na
773 1691 932 1758 ooniioere
950 1691 1080 1775 quidem
1093 1690 1181 1772 lieet,
1207 1687 1266 1755 sed

166 1814 206 1864 eo
231 1798 372 1865 breviter
398 1807 523 1867 tantum
553 1800 685 1886 dieitur,
717 1801 938 1867 (lieemnem'
929 1822 964 1867 m
990 1807 1083 1885 parte
1110 1798 1265 1866 orationis

166 1909 298 1976 uberius
320 1910 362 1976 de
387 1910 650 1978 dissimilitudine
673 1911 830 1978 Verrinae
858 1918 890 1976 ιι
911 1891 1111 1978 Fonteianae
1145 1927 1266 1975 oausae

166 2020 283 2103 egisse.

151 2135 155 2142 '
253 2129 364 2196 Nihilo
386 2151 463 2198 vero
486 2130 593 2197 minus
611 2151 683 2197 oum
700 2133 756 2198 rix
776 2153 893 2199 nomen
909 2131 1049 2200 inveniri
1065 2129 1180 2214 possit,
1202 2147 1265 2210 quo

167 2241 276 2326 aptius
293 2261 349 2308 eos
367 2243 576 2327 appellemus,
594 2242 713 2309 usitato
726 2263 814 2310 more
824 2243 1005 2324 fragmenta
1019 2262 1075 2308 eos
1085 2237 1267 2306 nominabo.

213 2350 302 2417 Ao
321 2352 459 2436 primum
482 2352 523 2417 de
552 2371 589 2418 eo
611 2351 690 2458 mihi
716 2352 844 2418 videtur
870 2352 1043 2419 dioendum
1061 2371 1147 2431 esse,
1172 2349 1264 2414 ouius

166 2461 262 2528 modu
278 2457 473 2554 mentionem
490 2461 561 2528 ieoi.

134 2553 136 2558 ¹
252 2548 475 2639 luliusViotor
492 2571 583 2638 dioit:
610 2573 670 2653 ,llt
657 2571 956 2655 tquemadmodum
973 2592 1072 2657 supra
1090 2567 1265 2655 quaereba-

166 2703 247 2765 mus,
262 2682 340 2766 quid
358 2688 445 2748 esset
463 2682 577 2767 simile,
594 2683 641 2748 ita
661 2688 728 2748 ιιι
746 2683 904 2772 eontrario
922 2681 1170 2763 oonsideremus,
1187 2676 1265 2761 quid

166 2792 200 2858 in
219 2813 254 2858 se
283 2791 441 2858 dissimile
463 2789 582 2857 habeat
607 2812 647 2858 ea
672 2811 739 2875 res,
761 2812 844 2874 quae
867 2792 902 2856 in
926 2790 1145 2875 quaestionem
1167 2788 1265 2871 venit,

165 2907 201 2967 ut
220 2925 280 2984 pro
299 2905 432 2966 Fonteio
454 2903 500 2964 M.
525 2901 652 2966 Pullius
677 2907 867 2985 exsequitur,
893 2906 977 2984 quod
993 2904 1061 2962 eius
1083 2919 1183 2962 causo
1200 2917 1263 2959 nou

165 3016 210 3089 sit
227 3017 345 3087 eodem,
365 3033 445 3094 quoe
469 3014 608 3075 Verrie.“
683 3019 686 3024 '

250 3123 333 3188 Huio
359 3122 538 3205 fragmento
563 3119 753 3208 Kayser¹⁹)
779 3123 884 3191 looum
909 3119 1149 3187 attribuendum
1171 3121 1264 3202 putat

165 3236 238 3314 post
255 3230 368 3313 fragm.
382 3231 455 3299 Oua
476 3239 524 3298 15.
565 3233 697 3316 Iniuria,
714 3238 750 3297 ut
766 3232 846 3298 mihi
864 3232 994 3316 quidem
1011 3231 1148 3298 videtur.
1205 3257 1208 3263 ·

250 3340 320 3404 Iam
344 3339 430 3405 enim
455 3361 554 3424 supra
577 3361 617 3407 ex
637 3362 675 3408 eo
693 3342 873 3424 fragmento
891 3342 1082 3408 oonoludere
1099 3359 1150 3404 me
1167 3355 1263 3422 posse

163 3447 290 3531 putavi,
316 3448 445 3514 Fonteii
467 3470 599 3516 oausam
621 3473 649 3516 ι.
676 3448 789 3534 685169
816 3457 922 3517 aotam
944 3471 1017 3517 esso
1034 3456 1066 3516 et
1083 3449 1264 3533 quiounque

164 3558 477 3639 argumentationem
500 3579 606 3625 meam
629 3559 833 3645 approbavit,
859 3559 964 3626 libens
982 3558 1146 3638 oonoedet,
1173 3555 1262 3621 nullo

165 3669 235 3733 loeo
264 3667 527 3736 dissimilitudine
559 3689 677 3736 oausae
703 3671 814 3736 Verris
845 3677 877 3738 et
910 3670 1038 3736 Fonteii
1071 3663 1263 3751 explioanda

164 3777 281 3843 melius
299 3797 334 3844 se
352 3798 506 3845 exousare
523 3780 667 3864 potuisse
678 3779 865 3848 Ciceronem
883 3781 977 3865 quod,
994 3800 1067 3846 oum
1084 3797 1168 3844 anno
1186 3780 1264 3839 ante

236 3947 281 4014 17)
298 3951 401 4000 servate
423 3961 440 3999 a
463 3944 492 3999 C.
514 3944 583 3998 Iulio
605 3943 713 4000 Victore
737 3961 780 4001 ars
801 3946 868 4000 rhet
887 3943 937 4011 VI,
956 3953 983 4010 ι,
1005 3960 1031 4013 p.
1044 3951 1092 3996 ιιι
1117 3941 1151 3994 Η.
1174 3945 1201 3992 ιι
1223 3937 1259 3991 ab

164 4030 263 4097 Aquila
280 4031 356 4085 Rom.
373 4031 406 4084 de
423 4030 467 4099 lig.
485 4036 594 4085 renuet
612 4031 705 4085 elocut.
723 4035 745 4100 ς.
761 4039 793 4086 35
812 4048 837 4101 p.
851 4039 883 4084 ιι
893 4031 926 4084 Η.

236 4116 283 4184 ιι)
298 4123 356 4180 ιιι,
375 4123 406 4167 ιι
425 4115 467 4171 ed.
484 4115 519 4168 Η.

233 4201 279 4268 ιι)
296 4200 325 4253 in
342 4199 443 4264 Baiteri
460 4200 626 4271 Kayserique
645 4200 760 4256 editione
779 4200 832 4257 (lio.
850 4216 923 4270 oper.
940 4199 998 4254 Vol
1012 4199 1064 4265 XI,
1081 4214 1106 4267 p.
1121 4207 1144 4253 ι.
