3116 4780
788 367 833 438 12

261 590 409 673 laudavi,
431 593 566 671 primum
586 587 761 661 Manlium,
786 596 850 648 tum
872 585 908 649 L.
930 585 1102 648 Domitium
1120 583 1356 650 Ahenobarbum

261 700 381 766 vietum
408 719 481 765 esse
507 703 670 779 narratur,
696 697 884 780 praesertim
913 696 940 761 si
966 702 1071 761 tooum
1098 701 1243 780 reputas,
1269 697 1356 762 viros

261 808 372 874 dootos
386 811 422 875 L.
435 807 570 874 Domitii
588 806 712 876 eladem
731 803 778 870 eis
796 826 1010 872 annumerare
1028 805 1138 890 rebus,
1156 827 1239 890 quae
1253 807 1356 886 poulo

198 941 201 948 ·
256 927 333 998 port
353 918 440 983 faeta
462 902 549 1000 sunt,
571 936 668 1000 quam
686 916 836 982 Metellus
854 914 973 986 bellum
991 935 1063 981 oum
1084 915 1225 982 Sertorio
1244 935 1355 998 geren-

157 1030 158 1034 ’
261 1027 338 1093 dum
356 1028 504 1110 suseepit.

346 1137 436 1216 Quae
454 1158 526 1203 oum
544 1103 682 1219 1616166,
701 1155 827 1201 errasse
845 1133 1101 1210 existimabimus
1114 1131 1357 1220 Herzogiumst,

261 1248 316 1330 qui
333 1246 471 1313 obtinuit
487 1246 644 1312 Manlium
666 1246 783 1330 Lepidi
801 1248 870 1311 looo
896 1265 925 1310 a.
942 1237 1014 1331 677)
1019 1249 1058 1308 77
1076 1245 1111 1310 16
1128 1245 1269 1312 Galliam
1286 1268 1357 1331 pro-

260 1357 379 1422 ieotum
406 1377 491 1438 6666,
524 1361 634 1421 eontra
661 1361 746 1421 reete
772 1356 934 1422 iddioasse
960 1356 1134 1439 Longam,
1166 1358 1220 1437 qui
1235 1354 1264 1439 ⁷)
1291 1358 1356 1424 iam

262 1485 291 1532 a.
310 1457 424 1552 676178
443 1466 534 1531 11166
552 1465 733 1549 praefuisse
750 1465 879 1532 Galbae
897 1466 1068 1532 contendit.
1126 1497 1129 1506 v
1376 1461 1384 1473 ”

345 1575 484 1640 Aemilio
516 1576 564 1640 illi
596 1574 734 1657 Lepido,
769 1577 892 1642 oonsuli
923 1595 952 1640 6.
982 1573 1094 1659 tuelle
1130 1577 1165 1643 in
1193 1581 1357 1659 posterum
1412 1634 1414 1639 .

262 1706 381 1751 annum
400 1685 509 1750 Gallia
526 1684 747 1751 Narbonensis
770 1684 935 1768 provineia
954 1685 1084 1751 deoreta
1102 1691 1160 1752 est.
1203 1685 1269 1751 Sed
1286 1706 1357 1754 oum

261 1817 334 1862 eum
352 1796 532 1879 paeniteret
552 1795 635 1876 eius,
662 1813 745 1876 quae
763 1799 831 1860 tum
850 1800 920 1860 erat
937 1793 1134 1878 reipublioae
1152 1795 1358 1875 eondioionis,

260 1927 366 1971 rerum
383 1905 571 1995 mutationis
589 1903 724 1987 eupidus
741 1903 868 1988 plebem
886 1904 930 1968 ad
947 1904 1137 1971 seditionem
1155 1904 1309 1970 exeitavit
1326 1909 1358 1970 et

260 2013 358 2099 probe
378 2034 584 2096 cognossem,
604 2034 640 2078 eo
660 2033 694 2078 se
710 2014 837 2080 Galliae
855 2014 1073 2098 praepositum
1092 2034 1177 2098 esse,
1195 2020 1230 2079 ut
1248 2014 1359 2098 proeul

261 2122 302 2189 ab
325 2125 428 2190 Roma
453 2122 670 2206 ablegaretur,
698 2123 733 2188 in
756 2124 885 2190 Etruria
912 2121 999 2188 haud
1030 2124 1244 2206 spernendum
1269 2144 1358 2190 exer-

261 2235 357 2301 616666
385 2235 502 2319 oodgit,
529 2253 665 2316 quonum
691 2235 826 2300 Romam
853 2239 1113 2316 aggressusest.
1161 2235 1257 2300 Haud
1281 2254 1358 2300 vero

260 2345 360 2410 multo
383 2350 467 2428 post,
492 2365 563 2410 oum
587 2344 733 2410 deuiotus
752 2348 851 2428 esset,
874 2363 903 2408 a.
922 2339 1036 2428 677177
1055 2343 1089 2410 16
1108 2343 1259 2410 Sardinia
1276 2365 1357 2410 mor-

261 2459 336 2519 tuus
354 2459 403 2518 est
412 2503 420 2536 ,
438 2473 542 2536 neque
559 2474 701 2536 unquam
715 2452 857 2518 Galliam
875 2450 1193 2535 p1·ooonsulvidit⁸).

346 2564 507 2628 Inoertum
539 2568 602 2645 est,
631 2563 682 2628 oui
714 2563 748 2628 in
776 2561 893 2645 Lepidi
923 2564 1028 2628 looum
1056 2561 1165 2628 Gallia
1193 2562 1358 2645 provineia

260 2673 391 2739 deoreta
409 2673 464 2757 sit,
486 2692 559 2756 666,
583 2693 654 2737 oum
672 2671 728 2737 illo
747 2677 890 2756 temporo
908 2672 995 2738 haud
1013 2693 1115 2756 parva
1134 2678 1220 2738 esset
1237 2673 1359 2740 Romae

261 2782 402 2847 omnium
430 2781 641 2866 perturbatio,
676 2780 849 2846 abhorrere
880 2802 900 2846 a
931 2803 1010 2848 vero
1041 2781 1121 2847 mihi
1151 2780 1293 2864 videtur,
1323 2783 1359 2846 L.

177 2968 181 2975 ¹
260 2892 416 2956 Manlium
435 2891 533 2958 etiam
549 2911 607 2974 per
625 2911 745 2956 annum
763 2893 878 2972 677677
898 2891 1075 2957 obtinuisse
1094 2890 1244 2956 Galliam.

324 2992 554 3083 Ι(1611161666
583 3000 832 3083 haudquaquam
859 3000 914 3066 illo
941 3006 1083 3083 tempore
1110 2999 1250 3083 speeiem
1267 3020 1359 3083 prae-

261 3109 331 3176 buit
365 3115 502 3194 paoatae
536 3110 731 3193 provinoiaa
790 3109 1025 3192 Frequentibus
1059 3109 1193 3192 nuntiis,
1229 3110 1283 3192 qui
1318 3108 1359 3176 de

262 3220 409 3287 oladibus
427 3221 592 3286 aMetello
608 3219 642 3285 in
652 3218 811 3304 Hispania
830 3220 971 3303 aooeptis
985 3218 1203 3286 afferebantur
1218 3239 1359 3302 quosque

263 3332 351 3396 fama
370 3331 468 3397 etiam
486 3330 520 3396 in
537 3329 643 3396 maius
661 3336 774 3395 auotos
792 3349 864 3395 esse
888 3329 1064 3395 verisimile
1086 3334 1149 3412 est,
1174 3349 1301 3395 rumore
1319 3329 1360 3396 de
1441 3336 1444 3342 '
1553 3351 1554 3438 p

333 3601 361 3668 6)
378 3599 420 3653 in:
448 3599 550 3653 Galliae
577 3597 757 3653 Narbonensis
783 3597 933 3666 provinciae
961 3597 1095 3650 Romanae
1121 3596 1232 3652 historia
1255 3613 1276 3652 e.
1295 3602 1313 3650 t.
1331 3613 1360 3662 6.,

260 3683 368 3752 Lipsiae
383 3690 459 3748 1864,
477 3699 502 3751 p.
517 3691 556 3737 66.

333 3770 360 3836 7)
377 3769 396 3822 l.
416 3785 438 3822 6.
454 3769 509 3833 111,
529 3776 586 3822 173,

332 3855 360 3919 8)
377 3855 445 3922 Α66.
462 3854 492 3906 Β.
510 3853 538 3908 (λ.
556 3853 569 3906 I
603 3861 665 3906 107:
693 3847 903 3926 κληρωσάμενος
925 3849 940 3906 ὁ
959 3853 1082 3914 Λέπιδος
1099 3851 1149 3920 τὴν
1167 3849 1241 3927 ὑπὲρ
1252 3845 1361 3912 Ἄλπεις

263 3941 402 3994 Γαλατίαν
425 3940 472 3993 ἐπὶ
494 3936 527 3994 τὰ
550 3937 708 4013 ἀρχαιρέσια
732 3936 764 3995 οὐ
786 3935 879 4010 κατῄει
901 3935 937 3998 ὥς
959 3936 1124 4009 πολεμήσων
1146 3943 1202 3998 τοῖς
1220 3940 1361 3998 Συλλείοις

263 4027 311 4078 τοῦ
329 4021 455 4085 ἐπιόντος
472 4027 549 4084 ἔτους
567 4020 636 4097 ὑπὲρ
654 4023 703 4079 τὸν
727 4019 812 4098 ὅρκον
834 4022 922 4083 ἀδεῶς
940 4061 946 4076 .
963 4065 970 4077 .
987 4061 994 4075 .
1012 4020 1166 4094 ἡττώμενος
1184 4024 1240 4084 aa
1257 4020 1360 4095 Σαρδώ

263 4111 432 4178 διέπλευσεν,
456 4111 526 4164 ἔνθα
548 4105 620 4178 νόσῳ
643 4105 769 4178 τηκεδόνι
786 4109 918 4164 ἀπέθανε.
955 4109 1026 4162 Flor.
1041 4109 1095 4174 ΙΙΙ,
1114 4119 1159 4174 23,
1178 4119 1201 4162 6.
1220 4117 1243 4160 8.
1279 4106 1361 4162 Gran.

263 4195 318 4250 Lio.
336 4212 360 4266 p.
376 4203 415 4251 45.
443 4194 504 4248 Sall.
522 4195 581 4249 hist.
595 4195 620 4260 l,
639 4203 679 4249 46.
694 4202 733 4248 46.
748 4201 781 4247 64
798 4193 916 4248 Dietsoh.
930 4194 998 4247 Plut.
1013 4193 1103 4262 Pomp.
1119 4204 1157 4248 16.
1175 4193 1231 4248 Liv.
1246 4193 1306 4262 epit.
1321 4200 1360 4246 66.
