3116 4780
7 611 24 654 6
37 589 116 675 loisel
130 613 131 616 ¹

12 703 121 785 assignate

7 817 48 880 166
59 817 114 880 uror

7 927 112 1008 trttnu

710 377 733 454 5

183 603 301 672 aionem
329 607 533 685 rotarentur,
560 621 642 678 neve
665 601 747 666 ratio
765 599 990 694 iisreddenda
1009 606 1101 664 esset.
1144 596 1271 664 Deinde
1319 646 1323 652 .

182 713 263 796 quod
282 711 393 780 Gieero
411 713 489 778 dieit
517 713 563 776 sio
587 711 745 776 rationem
763 709 855 776 reddi
872 709 1092 776 triumviratus
1111 707 1157 789 (et
1175 727 1271 790 quae-

183 821 315 907 sturae),
345 829 381 886 ut
419 822 453 887 in
485 821 525 886 iis
554 819 663 902 rebus,
694 835 789 902 quae¹
808 829 880 883 unte
913 821 1022 882 ocutos
1054 827 1164 898 gerrae
1196 823 1272 893 sint,

183 938 223 996 ud
249 935 365 996 multos
390 935 616 1013 pertinuerint,
644 932 734 996 nulla
760 929 949 1012 significatio
978 930 1067 1012 furti,
1097 930 1188 995 nulla
1214 928 1271 993 ali-

182 1043 268 1130 euius
293 1043 403 1119 delioti
432 1041 571 1124 suspieio
599 1040 769 1123 referatur,
797 1041 883 1107 solos
909 1041 943 1104 16
964 1039 1148 1104 triumviros
1165 1057 1272 1102 mone·

96 1197 100 1212 .
181 1153 259 1217 tales
276 1153 406 1236 eadere,
432 1152 489 1234 qui
515 1151 550 1216 in
576 1150 658 1216 aede
676 1151 808 1216 Iunonis
826 1151 975 1216 Monetae
1000 1147 1046 1234 (et
1063 1149 1096 1212 16
1115 1147 1272 1230 Capitolio
1296 1179 1299 1187 ·

181 1263 212 1328 id
230 1264 384 1346 templum
403 1263 499 1332 situm
517 1259 600 1345 erat)
619 1281 690 1326 esse
709 1259 869 1342 solebant,
896 1279 1001 1342 neque
1027 1259 1062 1324 in
1089 1258 1273 1324 triumviros

94 1372 103 1398 '‘
183 1373 342 1456 eol-ded,
360 1373 415 1455 qui
434 1379 526 1438 entra
544 1369 655 1438 urbem
674 1391 807 1436 munere
823 1369 1051 1452 fungebantur,
1069 1368 1273 1450 perspiouum

47 1489 52 1502 '
83 1533 85 1536 -
182 1490 236 1549 est.
279 1482 387 1564 Adde,
406 1483 491 1565 quod
510 1477 597 1560 666.
612 1484 652 1546 34
672 1477 736 1566 1241
749 1477 799 1564 15)
826 1490 899 1543 unte
922 1479 1101 1561 legationes
1123 1497 1187 1543 666
1209 1477 1273 1542 6161

185 1595 297 1656 Romae
320 1612 393 1657 eum
415 1593 624 1674 magistratus
647 1591 789 1673 gessisse
814 1591 921 1673 oolligi
940 1595 1061 1672 potest:
1088 1587 1183 1652 laeile
1201 1605 1273 1652 eon-

181 1704 287 1786 eedes,
313 1704 429 1768 falsam
457 1702 498 1768 de
526 1702 653 1767 Fonteii
682 1702 886 1768 triumviratu
912 1700 1095 1783 opinionem
1112 1697 1273 1762 vhabuisse

96 1835 98 1842 ⁴
179 1816 413 1897 Drumannum‚
440 1817 550 1878 eontra
575 1810 789 1876 Niebuhrium
807 1818 838 1876 et
856 1809 1019 1876 Klotaium
1046 1808 1097 1872 de.
1113 1808 1171 1873 illa
1188 1812 1273 1871 reete

89 1929 97 1979 ¹.
179 1923 338 1990 iudinasse
353 1923 495 2006 quidem,
513 1941 617 2004 neque
630 1942 706 1987 vero
721 1921 799 2004 quid
815 1919 1029 1990 iudicaverint
1048 1918 1127 1983 satis
1145 1923 1274 1984 strenue

179 2033 370 2100 defendisse.

268 2145 423 2220 Quaestor
450 2141 491 2208 M.
518 2140 673 2206 Fonteius
699 2146 772 2222 post
798 2141 955 2222 perlatam
980 2142 1085 2222 legem
1109 2136 1274 2203 Valeriam

179 2255 219 2320 de
237 2273 312 2318 aere
332 2251 448 2336 alieno,
464 2252 499 2316 id
518 2256 567 2316 est
588 2255 661 2335 post
679 2271 798 2316 annum
817 2242 932 2336 668186
951 2250 1048 2316 luerit
1065 2268 1198 2314 neeesse
1216 2253 1273 2328 est,

179 2383 250 2428 eum
265 2357 436 2444 01666616)
455 2361 555 2444 dieat,
566 2361 606 2426 in
624 2360 777 2426 solvendo
795 2361 969 2428 seeundum
990 2352 1096 2442 legem
1109 2358 1274 2424 Valeriam

82 2502 86 2536 τ
179 2495 252 2540 eum
270 2473 469 2557 superiorum
487 2475 693 2553 quaestorum
719 2491 841 2535 morem
869 2477 1012 2536 seoutum
1038 2490 1119 2534 esse.
1159 2468 1273 2533 Utrum

178 2589 287 2648 autem
305 2603 389 2648 anno
409 2573 520 2666 669185
549 2586 699 2664 quaestor
725 2581 835 2665 luerit,
860 2603 904 2646 an
926 2580 1032 2663 potius
1055 2601 1139 2646 anno
1159 2569 1273 2664 676184

178 2693 248 2758 6166
267 2698 441 2775 quaestura
460 2690 675 2756 adtribuenda
694 2691 750 2774 sit,
770 2690 948 2756 diiudioare
966 2711 1030 2756 non
1047 2691 1160 2755 ausim.

262 2787 369 2868 Minus
390 2799 524 2865 dubium
548 2805 609 2882 est,
636 2806 744 2866 utrum
766 2802 887 2866 Romae
911 2805 1119 2882 quaesturam
1138 2800 1274 2881 gesserit

177 2914 348 2996 Fonteius,
374 2930 418 2976 an
445 2917 536 2975 extra
562 2911 712 2992 Romam,
740 2916 772 2976 et
790 2931 912 2975 summo
931 2911 1000 2974 iure
1018 2907 1272 2992 Niebuhriusff)

178 3030 211 3090 et
236 3017 445 3103 1116616618)
465 3019 685 3104 (Drumannus
716 2998 794 3103 quid
824 3021 865 3086 de
895 3021 956 3087 hae
983 3041 1017 3086 re
1045 3019 1180 3085 senserit
1211 3039 1275 3084 666

176 3128 355 3218 profitetur)
382 3132 416 3197 16
442 3150 479 3195 66
508 3129 587 3194 mihi
605 3130 754 3197 videntur
776 3133 969 3215 consentire,
997 3136 1033 3196 ut
1051 3131 1174 3194 Romae
1192 3128 1274 3193 Fon·

175 3243 278 3308 teium
296 3247 498 3324 quaestorem
514 3241 615 3306 fuisse
632 3240 834 3307 arbitrentur.
879 3241 1081 3323 Quamquam
1099 3240 1197 3304 etiam
1215 3237 1276 3302 hae

29 3412 39 3422 .
134 3376 138 3382 ’
175 3352 213 3418 16
233 3372 267 3417 re
285 3352 381 3416 nimis
398 3356 526 3416 eentum
544 3351 644 3415 fuisse
662 3351 824 3417 Klotzium
842 3351 948 3434 miror,
966 3371 1037 3416 eum
1056 3350 1176 3414 dioeret
1196 3347 1275 3428 „sibi

174 3445 308 3528 viderit
328 3461 497 3528 Fonteium
514 3463 636 3528 Romae
655 3466 863 3544 quaesturam
886 3462 1036 3543 gessisse.
1078 3457 1275 3524 Niebuhrius

252 3706 297 3772 15)
314 3703 342 3758 Si
360 3703 395 3756 M.
413 3703 540 3757 Fonteius
558 3701 629 3770 turpi
651 3701 841 3768 adulescentia,
869 3703 924 3756 rita
945 3702 1049 3767 infami,
1072 3701 1274 3770 magistratibus,

173 3809 242 3862 quos
259 3801 321 3844 aute
338 3792 425 3843 oculos
443 3800 539 3842 rastros
561 3792 649 3858 pessit,
674 3787 799 3840 convictis
823 3788 938 3842 virorum
961 3787 1090 3840 bonorum
1111 3783 1274 3846 testimoniis

171 3875 356 3944 legationibus
372 3874 504 3942 flagitiose
522 3875 611 3939 obitis,
629 3872 728 3926 invisus
742 3873 797 3926 suis
811 3873 931 3926 omnibus
946 3873 974 3924 in
987 3871 1113 3925 iudicium
1129 3876 1274 3932 vocaretur,

170 3969 268 4016 tamen
286 3977 308 4014 e.
320 3967 374 4014 te.
394 3991 397 3996 -

251 4049 296 4114 16)
313 4049 336 4114 ξ.
353 4055 374 4098 1.

251 4133 295 4200 17)
312 4131 329 4183 l.
347 4146 368 4182 6.
386 4145 410 4196 p.
426 4136 471 4193 43,
488 4144 513 4195 p.
529 4135 569 4180 62.

251 4217 295 4285 18)
312 4215 329 4268 l.
347 4214 364 4266 l.
381 4229 405 4280 p.
421 4221 478 4266 559.
