3116 4780
771 317 880 428 aa*

250 555 366 621 rerum,
392 554 475 617 quae
501 535 545 600 ad
570 537 660 602 illam
679 538 880 622 spectabant,
905 537 1046 604 nondum
1071 545 1141 605 erat
1165 538 1344 605 obliterata.

251 647 333 711 Tum
361 651 469 710 autem
496 664 560 712 non
588 646 753 714 habuisset
770 647 895 730 Oicero,
919 668 975 712 eur
992 648 1103 714 Verris
1120 669 1251 714 causam
1272 669 1343 712 cum

251 775 350 822 eausa
385 754 512 820 Fonteii
545 764 760 841 compararet,
795 761 860 818 aiei
896 756 981 819 treet
1012 768 1147 838 tempore
1176 769 1249 820 uate
1277 763 1344 838 ipse

258 868 366 928 Verris
395 874 563 927 accurator
594 877 624 929 et
653 866 831 929 Senatorum
856 877 1011 947 patronus
1045 872 1225 930 exstitisset.
1276 868 1345 934 Hoc

252 977 337 1043 enim
352 973 485 1062 consilio
502 976 612 1059 procul
629 975 727 1042 dubio
740 977 909 1043 Verrinam
927 998 1057 1044 causam
1074 998 1147 1042 cum
1165 977 1345 1044 Fonteiana

251 1087 393 1167 contulit,
410 1091 446 1150 ut
465 1083 626 1151 iudicibus
643 1086 794 1171 aperiret,
817 1087 933 1170 quibus
955 1087 1062 1152 causis
1079 1094 1255 1154 commotus
1273 1109 1344 1153 cum

251 1196 383 1262 Verrem
402 1215 431 1259 a.
450 1187 564 1280 6841711
583 1197 833 1279 repetundarum
856 1206 1054 1272 accusasset,
1082 1204 1157 1262 tunc
1175 1198 1344 1264 Fonteium

252 1305 396 1371 eiusdem
419 1303 562 1369 criminis
580 1325 670 1370 reum
689 1308 884 1388 detenderet,
909 1308 978 1372 sive
995 1308 1189 1392 Plaetorius,
1217 1307 1344 1374 Fonteii

183 1413 188 1424 ’
251 1421 419 1479 accusator
436 1414 470 1478 id
489 1405 525 1478 ei¹
537 1413 707 1499 obiecerat,
725 1416 793 1480 sive
810 1417 881 1501 ipse
898 1417 1101 1484 intellexerat
1120 1419 1161 1484 de
1179 1438 1219 1484 ea
1238 1417 1344 1482 incon·
1372 1455 1375 1461 ·

252 1525 373 1588 stantia
390 1524 514 1590 iudices
531 1525 641 1590 mirari
659 1545 763 1609 posse.

336 1633 428 1713 Quae
440 1634 548 1698 omnia
562 1634 590 1698 si
602 1636 710 1701 animo
723 1635 1028 1720 comprehendimus,
1046 1637 1177 1702 dubium
1193 1657 1264 1702 esse
1281 1656 1345 1702 non

250 1749 364 1828 potest,
382 1743 459 1826 quin
476 1743 630 1808 Fonteius
648 1749 737 1807 initio
756 1747 784 1809 a,
803 1738 925 1832 685169,
941 1746 1072 1812 minime
1090 1768 1167 1812 vero
1183 1753 1255 1830 post
1272 1765 1345 1810 eum

252 1838 371 1920 annum
401 1858 572 1918 accusatus
601 1854 651 1919 sit.
704 1854 798 1921 Anno
833 1861 940 1920 autem
977 1849 1089 1941 684170
1119 1856 1190 1921 eius
1214 1875 1345 1920 causam

252 1971 357 2030 actam
372 1984 452 2047 esse,
470 1963 555 2045 quod
572 1963 802 2048 Zumptius10)
821 1964 888 2030 fieri
905 1958 1049 2049 potuisse
1066 1971 1166 2050 putat,
1183 1965 1257 2031 ideo
1275 1985 1346 2049 pro·

252 2076 394 2142 bandum
406 2091 472 2138 non
486 2077 544 2155 est,
557 2072 719 2154 quodiam
733 2080 813 2160 tum,
828 2096 899 2140 cum
908 2076 1042 2140 Verrem
1054 2073 1347 2156 accusavitCicero,

253 2185 283 2252 ei
309 2182 484 2249 timendum
513 2186 661 2270 1111111
687 2185 771 2251 actio
798 2185 940 2250 secunda
965 2185 1000 2250 in
1017 2190 1202 2268 sequentem
1226 2204 1346 2250 annum

252 2289 564 2380 protraheretur11).
857 2365 859 2370 ¹

337 2405 381 2470 Ut
403 2399 533 2467 redeam
558 2400 601 2464 ad
629 2401 752 2468 Gallos:
777 2410 947 2486 postquam
969 2403 1057 2468 icma
1080 2403 1123 2467 ad
1141 2424 1196 2469 eos
1220 2406 1347 2489 perlata

254 2519 316 2596 est,
343 2514 474 2578 Verrem
503 2509 777 2577 condemnationis
805 2513 1014 2595 ignominiam
1032 2513 1213 2580 voluntario
1231 2514 1345 2580 exsilio
1426 2512 1431 2521 ’

253 2621 459 2709 praevenisse
478 2625 510 2684 et
535 2620 640 2700 legem
657 2620 824 2687 Aureliam
841 2624 964 2688 Rornae
980 2623 1137 2706 perlatam
1156 2643 1240 2708 esse,
1266 2630 1345 2689 tem-

252 2753 313 2818 pus
339 2729 467 2796 uenisse
493 2734 699 2813 putaverunt,
726 2752 788 2814 quo
815 2733 965 2799 iustiores
982 2739 1013 2798 et
1030 2733 1198 2815 aequiores
1221 2732 1346 2798 iudices

155 2849 160 2860 ”
191 2884 192 2888 =
253 2845 374 2910 Romae
400 2838 557 2921 cognituri
589 2847 704 2907 essent.
761 2844 873 2926 Itaque
901 2843 1174 2926 Indutiomarum,
1201 2842 1346 2908 Allobro·

253 2973 329 3037 gum
358 2945 598 3034 principem12)
627 2973 697 3017 curn
724 2953 841 3037 legatis
867 2952 1007 3018 aliarum
1041 2953 1184 3035 gentium
1211 2954 1346 3019 Romam

254 3063 425 3143 miserunt,
464 3074 500 3132 ut
538 3067 642 3130 virum
676 3069 858 3146 quaereret,
898 3063 953 3144 qui
988 3061 1170 3152 Gallorum·
1192 3068 1347 3145 patronus

255 3173 430 3242 exsisteret.
471 3176 714 3245 Indutiomarus,
730 3172 813 3238 adiit
829 3171 871 3238 M.
887 3171 1093 3238 Plaetorium.
1136 3172 1169 3236 Is
1188 3171 1293 3238 Gallis
1311 3191 1347 3236 se

325 3385 514 3454 rffilopt

325 3472 370 3536 11)
388 3468 465 3524 Verr.
481 3471 539 3522 Aet.
556 3468 581 3532 1,
601 3476 632 3521 111
646 3483 684 3533 sq.

326 3555 370 3622 12)
387 3553 511 3622 Quamvis
537 3552 620 3606 verba
645 3557 667 3616 ς.
688 3562 719 3606 46
747 3552 814 3622 [3611
850 3549 1122 3615 „dux'Allobrogum
1149 3552 1348 3613 oeterorumque

256 3639 413 3693 Gallorum“
439 3653 493 3691 non
515 3637 649 3691 Ciceronis
675 3651 733 3689 esse
759 3634 845 3688 Bakio
873 3634 1005 3700 (Scholica
1027 3633 1241 3702 hypomnemata,
1264 3631 1349 3698 Lugd.

255 3724 347 3778 Batav.
357 3730 421 3776 1837
432 3739 495 3789 sqq,
514 3721 547 3786 V,
561 3737 587 3788 p.
599 3721 660 3789 181)
677 3720 831 3784 concedam,
849 3725 937 3772 tamen
955 3735 1014 3772 cum
1032 3719 1078 3772 illa
1095 3719 1123 3771 in
1141 3718 1263 3771 omnibus
1276 3715 1348 3769 ccdi-

255 3809 330 3863 cibus
355 3807 531 3870 inveniantur,
556 3805 656 3871 antiqui
680 3803 841 3856 Fonteianae
869 3803 1020 3870 interpretis
1046 3803 1110 3856 mihi
1137 3817 1195 3856 esse
1219 3802 1348 3865 videntur,

256 3894 301 3961 qui
319 3893 432 3947 fortasse
454 3907 488 3944 ex
510 3891 614 3959 perdita
636 3887 763 3944 orationis
784 3892 860 3954 parte
882 3889 1016 3954 cognovit,
1043 3889 1252 3943 Indutiomarum
1273 3885 1345 3939 Allo-

256 3978 364 4045 brogem
381 3977 470 4029 fuisse.
498 3975 575 4042 Quod
592 3981 679 4027 autem
693 3972 814 4026 Klotzius
832 3973 861 4040 (1.
874 3989 895 4025 o.
914 3990 938 4041 p.
953 3976 1016 4039 560)
1035 3973 1126 4035 statuit
1140 3972 1348 4025 Indutiomarum

255 4062 337 4116 fuisse
360 4061 510 4124 Treuirum,
538 4075 597 4111 cum
623 4059 669 4112 illa
693 4063 779 4112 aetate
804 4056 908 4111 Treviri
933 4058 1049 4110 nondum
1076 4058 1212 4110 Romanae
1239 4055 1348 4109 dicionis

257 4152 357 4212 essent,
374 4159 527 4213 perversum
545 4148 591 4196 est.
