3116 4780
728 1229 803 1300 111.

221 1375 293 1444 Gur
309 1365 478 1445 Fonteius
495 1393 571 1446 non
588 1377 709 1445 statim
726 1378 807 1463 post
824 1378 1004 1446 dooessum
1022 1395 1068 1444 ex
1086 1376 1201 1446 Gallia
1221 1395 1317 1463 repe

220 1485 324 1554 tund.
341 1487 521 1582 assusatus
538 1487 598 1555 sit.
639 1487 713 1576 Quo
736 1506 830 1556 auno
852 1487 901 1556 sit
917 1488 1107 1556 aoousatus.
1149 1487 1202 1554 lle
1219 1487 1317 1556 Plae

219 1595 318 1665 torio
344 1598 547 1666 aoeusatore
572 1599 608 1664 et
632 1596 743 1666 Fabio
769 1598 1020 1684 subscriptore.
1062 1595 1115 1664 lle
1136 1595 1317 1682 (tiemone,

163 1789 165 1792 ¹
220 1705 365 1775 Fonteii
387 1708 551 1794 patrono.
593 1708 645 1775 lle
668 1708 828 1776 testibus.
871 1708 937 1797 Qui
957 1708 1102 1794 praetor
1118 1707 1317 1793 quaestloni

221 1817 267 1885 de
279 1816 429 1886 Fonteio
447 1817 589 1886 habitae
606 1817 813 1904 praetuerit.
838 1819 1007 1886 Fonteius
1025 1817 1143 1886 utrum
1156 1819 1318 1887 sondem-

551 1929 655 1998 uatus
671 1949 719 1998 an
734 1930 916 1998 absolutus
932 1929 992 2002 slt

307 2069 399 2150 Quas
426 2067 600 2136 aFonteio
623 2074 830 2154 propraetore
851 2069 886 2134 in
904 2068 1013 2134 Gallia
1036 2074 1110 2134 aeta
1136 2088 1207 2134 esse
1234 2069 1314 2134 refe-

219 2185 347 2266 runtur,
365 2179 453 2246 diota
470 2185 553 2245 sunt.
596 2181 637 2246 Et
654 2178 865 2263 supersedere
888 2199 940 2244 me
956 2199 1051 2263 posse
1073 2184 1150 2263 puto
1168 2177 1229 2243 hoe
1245 2177 1314 2242 looo

219 2311 387 2375 quaerere,
404 2295 511 2356 utrum
527 2289 646 2357 iniuste
665 2294 805 2356 etavare
816 2289 1013 2372 provineiam
1032 2287 1316 2369 administraverit,

218 2421 332 2468 neone.
374 2401 481 2468 Unum
499 2400 583 2484 dieo,
604 2398 692 2465 haud
714 2396 811 2465 dubie
833 2398 925 2464 illum
946 2404 982 2463 ut
1000 2417 1039 2463 ea
1056 2404 1165 2463 aetate
1186 2397 1315 2482 plurimi

219 2532 332 2578 eorum
347 2511 454 2576 faeere
471 2507 626 2592 solebant,
643 2509 698 2592 qui
715 2491 1074 2593 provi-neiispraepositi
1091 2514 1192 2592 erant,
1209 2507 1316 2575 minus

218 2618 432 2704 reipublioae,
457 2637 554 2702 quam
576 2617 703 2702 privato
725 2639 783 2684 suo
806 2619 970 2684 eommodo
993 2618 1027 2684 in
1046 2618 1156 2684 Gallia
1178 2619 1317 2685 servisse

219 2736 255 2796 et
280 2728 368 2796 haud
393 2727 490 2795 dubie
517 2748 553 2794 re
579 2727 732 2794 familiari
757 2733 854 2794 aneta
880 2730 1014 2793 Romam
1041 2728 1221 2793 revertisse.
1268 2728 1316 2812 ld,

218 2839 341 2906 utalia
358 2839 493 2921 mittam,
510 2838 576 2906 iam
586 2858 627 2904 ex
637 2857 675 2903 eo
685 2837 798 2922 eluoet,
815 2837 909 2921 quod,
926 2843 1095 2920 postquam
1105 2837 1161 2903 ille
1173 2837 1315 2904 Galliam

218 2948 365 3033 reliquit,
390 2947 575 3033 provineiae
601 2948 726 3014 inoolae
752 2947 788 3013 id
813 2953 947 3030 egerim
971 2965 1010 3011 ao
1035 2946 1138 3012 moliti
1165 2954 1256 3030 sunt,
1280 2955 1316 3013 ut

217 3077 343 3144 poenas
360 3059 452 3125 illum
470 3060 560 3125 luere
577 3049 736 3142 eogerent

305 3165 417 3254 Ne'que
441 3175 549 3236 tamen
570 3169 626 3236 illo
653 3174 795 3253 tempore
816 3167 885 3233 lieri
906 3167 972 3232 ullo
994 3172 1088 3250 paeto
1110 3187 1204 3251 posse
1226 3168 1315 3234 vide-

217 3276 324 3362 batur,
342 3283 378 3344 ut
393 3277 562 3363 quisquam
584 3277 739 3345 nobilium
756 3279 797 3344 de
815 3277 961 3362 peouniis
978 3276 1165 3361 repetundis
1184 3277 1315 3342 damna·

143 3463 161 3474 Ι
218 3395 322 3475 retur,
349 3409 421 3456 eum
448 3389 582 3472 exlege
605 3387 754 3455 (loruelia
778 3387 948 3454 iudioiaria
970 3408 1034 3453 non
1060 3386 1125 3453 nisi
1151 3392 1317 3452 senatores

218 3499 342 3566 iudioia
368 3499 511 3566 faeerent
537 3498 578 3564 de
603 3494 723 3562 talibus
750 3496 951 3581 eriminibus,
979 3496 1090 3580 qualia
1117 3495 1315 3561 summisisse

218 3607 391 3676 videbatur
399 3607 562 3693 Fonteius,
577 3626 694 3691 eosque
703 3606 864 3673 hominem
877 3607 1021 3674 eiusdem
1032 3605 1156 3672 ordinis
1168 3604 1314 3672 oondem-

79 3797 82 3802 ¹
218 3724 352 3785 maturos
371 3717 538 3802 Gallisque
561 3718 644 3783 ultro
665 3716 781 3784 invisis
803 3717 1016 3801 opitulaturos
1035 3737 1121 3800 esse,
1149 3714 1315 3800 haudqua-

218 3845 317 3910 quam
334 3831 404 3894 erat
421 3826 625 3911 sperandum.

305 3935 375 4003 Hoo
395 3937 490 4004 modo
511 3943 584 4022 post
608 3936 735 4004 Fonteii
760 3936 928 4002 deeesuum
950 3954 991 4000 ex
1009 3935 1118 4002 Gallia
1144 3935 1209 4001 duo
1236 3933 1314 4000 anni

218 4044 327 4112 exaoti
357 4051 463 4131 erant,
494 4067 566 4113 eum
596 4046 786 4131 neoopinato
813 4045 918 4113 Gallis
948 4042 1058 4111 oblata
1088 4064 1160 4112 esse
1186 4043 1313 4111 oeoasio

217 4153 390 4222 videbatur
407 4155 583 4223 uleisoeudi
600 4155 737 4223 iniurias
755 4174 776 4221 a
793 4154 927 4222 Fonteio
945 4160 1104 4239 aoeeptaa
