3116 4780
712 351 879 464 Ἀ

339 568 419 636 Cum
451 571 535 636 enim
566 591 596 635 a.
627 564 742 656 obsito
772 569 806 637 0.
838 571 968 655 Verres,
1005 574 1060 655 qui
1091 563 1222 639 Sieiliae
1255 593 1348 658 prse-

254 679 359 747 fuerat
393 699 528 763 eamque
561 681 782 749 erudelissime
821 689 1008 764 vexaverat,
1044 682 1292 767 repetundarum
1309 703 1348 752 le

254 789 408 857 (lieerone
425 796 594 855 aoeusatus
612 798 711 874 eset,
737 798 769 857 et
791 798 956 858 senatores
980 791 1065 857 omni
1088 811 1207 873 genere
1225 790 1292 857 doli
1309 811 1348 858 ae

254 900 406 966 felleoiee
440 897 625 966 Oioeronem
659 899 701 965 eb
734 901 917 967 eoeusando
956 901 1120 967 deterrere
1153 901 1348 984 Verremque

255 1010 391 1077 instanti
413 1010 555 1092 perieulo
575 1008 715 1076 liberare
733 1010 913 1093 studerent,
937 1011 1092 1076 Romanis
1110 1009 1231 1075 iudieia
1256 1029 1348 1076 sene·

254 1119 338 1186 toris
360 1118 577 1186 intolerabilia
600 1121 672 1186 viss
695 1126 777 1186 sunt.
821 1121 934 1203 Neque
957 1119 1041 1202 quod
1058 1127 1226 1203 postquem
1243 1119 1348 1203 prime

254 1229 337 1295 sotio
356 1236 465 1294 eontra
476 1229 607 1295 Verrem
625 1250 645 1293 a
659 1228 812 1296 Oieerone
820 1227 931 1294 habite
944 1236 993 1294 est
1006 1229 1177 1312 unieuique
1190 1227 1349 1296 eontidere

253 1339 360 1422 lieuit,
387 1339 470 1422 lore,
498 1346 533 1404 ut
559 1340 677 1406 Verres
702 1339 849 1408 omnibus
873 1340 1043 1408 sententiis
1073 1338 1349 1424 eosdemneretur,

253 1469 356 1534 neque
379 1448 465 1532 quod
489 1449 560 1534 ipse
583 1448 700 1516 Verres
725 1449 903 1534 desperans
923 1449 966 1514 de
992 1449 1096 1514 solute
1119 1469 1179 1514 sus
1203 1470 1269 1514 uon
1295 1469 1348 1518 ex·

253 1565 398 1644 speetato
412 1560 515 1626 alters
528 1560 654 1629 sotione
672 1561 706 1628 in
719 1559 866 1648 exsilium
879 1559 1041 1644 profeetus
1056 1565 1114 1641 est,
1131 1558 1348 1628 multitudinis

252 1667 408 1734 invidiam
427 1669 599 1752 reprimere
616 1689 656 1734 eo
672 1669 838 1737 retardare
854 1669 966 1754 potuit.
1100 1753 1103 1758 Ι

339 1779 452 1862 Itaque
474 1799 546 1846 eum
563 1780 599 1848 L.
616 1778 768 1846 Aurelius
785 1778 891 1862 (totta,
913 1784 1042 1864 praetor
1064 1777 1134 1844 eius
1155 1777 1234 1846 enni
1255 1799 1347 1862 roge»

253 1888 372 1954 tionem
407 1887 609 1954 iudiciariam
643 1890 879 1974 promulgasset
894 1886 937 1970 1),
973 1907 1052 1972 que,
1091 1887 1162 1968 lege
1197 1884 1347 1954 (lomello

254 1996 425 2062 iudioiaria
443 1996 571 2063 sublata
585 1995 615 2080 ²)
633 1999 846 2081 inposterum
864 2004 990 2082 tempus
1004 2017 1043 2062 ex
1061 1995 1162 2062 tribus
1179 1997 1347 2064 ordinibus

253 2114 448 2190 senatorum,
475 2089 629 2191 equitum,
654 2104 853 2172 tribunorum
880 2107 1076 2173 aerariomm
1103 2106 1226 2171 iudioes
1250 2107 1347 2188 elige-

252 2222 363 2282 rentur
376 2211 423 2299 ³),
446 2218 536 2283 lexa
554 2213 649 2300 plebe
670 2215 950 2284 vehementissime
974 2215 1155 2299 efflagitata
1168 2214 1198 2299 4)
1225 2214 1347 2282 ultimis

253 2325 416 2393 mensibus
433 2325 578 2392 'eiusdem
595 2346 624 2390 a.
644 2315 759 2412 ssstlto
778 2325 903 2410 perlata
921 2333 977 2416 est.
1293 2313 1294 2320 ἵ

335 2435 435 2503 Ouius
453 2457 523 2501 oum
540 2433 624 2517 legis
643 2433 754 2501 Oioero
772 2431 941 2501 Fonteium
960 2431 1135 2502 defendens
1151 2435 1345 2502 mentionem

252 2534 350 2612 faeiat
363 2545 409 2628 5),
427 2541 681 2614 luculentissime
698 2551 847 2629 apparet,
873 2539 1043 2612 Fonteium
1061 2567 1122 2608 uon
1140 2555 1213 2608 onte
1231 2545 1345 2608 exitum

252 2677 281 2722 a.
301 2649 417 2744 684170
437 2663 620 2718 accusatum
638 2675 713 2717 esse.

324 2895 353 2960 r)
371 2892 417 2947 cfr.
435 2893 488 2948 cie.
506 2893 534 2944 in
550 2889 629 2944 verr.
647 2895 695 2943 oct.
713 2887 737 2954 Ι,
757 2898 784 2952 1,
803 2897 826 2941 t.
860 2885 887 2952 Ι,
906 2898 932 2952 s,
952 2898 991 2942 ro.

320 2979 350 3046 2)
369 2977 422 3032 Gie.
439 2978 467 3031 in
485 2975 561 3030 Verr.
577 2971 611 3039 V,
631 2981 670 3040 69,
691 2983 738 3028 177
749 2989 787 3042 sq.

322 3065 351 3131 3)
369 3062 421 3118 Cio.
431 3062 465 3115 ad
473 3063 551 3115 Attio.
559 3061 581 3124 Ι,
595 3069 634 3124 16,
645 3069 668 3113 3.
693 3057 761 3112 Phil.
769 3060 794 3123 I,
808 3067 831 3124 8,
846 3067 886 3113 20.
911 3059 1006 3112 Adeon.
1018 3066 1246 3126 p.1s.3o.ts.ot.
1257 3066 1295 3114 ts.
1304 3066 1347 3112 90.

252 3147 294 3202 Ps.
311 3148 370 3204 Asc.
387 3164 411 3215 p.
427 3156 483 3202 10³.
509 3145 594 3200 Sebol.
611 3143 679 3200 Bob.
696 3160 722 3212 p.
736 3151 793 3198 229.
811 3151 868 3200 235.
886 3150 943 3196 2³9.
988 3213 991 3218 Ι

323 3234 352 3300 4)
370 3231 423 3286 Oie.
437 3247 477 3299 pr.
496 3229 598 3285 Cornel.
615 3229 640 3296 I,
659 3238 698 3282 ts.

322 3318 351 3385 5)
368 3319 389 3382 ξ.
401 3323 432 3369 36
442 3313 510 3386 [eelz
529 3313 627 3381 blegne
642 3313 806 3368 mehercules
824 3325 911 3377 eausa,
928 3311 1035 3379 iudices,
1053 3309 1228 3369 absolutionis
1246 3315 1293 3379 est,
1311 3325 1345 3368 ne

253 3415 321 3470 quae
338 3399 450 3467 insignis
467 3399 529 3453 hore
546 3399 656 3466 mpero>
673 3399 778 3452 mauro
799 3405 877 3466 arque
898 3399 1043 3466 ignominis
1063 3400 1233 3468 summum,
1253 3399 1278 3454 u
1294 3398 1347 3454 noe
1422 3381 1430 3397 “

252 3487 291 3540 its
308 3486 439 3554 perlatum
461 3484 513 3538 erit
533 3483 561 3536 in
582 3481 709 3548 Galliam,
730 3494 864 3538 senatores
881 3489 1026 3555 equumque
1048 3485 1140 3555 populi
1157 3483 1269 3540 Romani
1291 3495 1347 3540 nou

252 3569 408 3626 testimoniis
431 3569 578 3633 Gallorum,
604 3567 667 3640 sed?
677 3567 754 3623 minis
780 3574 922 3623 commotos
944 3584 1000 3622 rem
1026 3569 1059 3622 ed
1080 3569 1186 3624 illorum
1208 3569 1346 3626 libidinem

251 3655 390 3708 iudicasse.
408 3686 440 3694 -
458 3653 564 3707 Summo
581 3653 639 3706 iure
656 3668 748 3706 omnes
764 3653 815 3706 viri
832 3653 903 3708 doeti
919 3651 984 3706 mibi
1001 3655 1029 3707 in
1047 3669 1078 3707 eo
1096 3651 1218 3708 videntur
1235 3669 1345 3708 consen-

251 3740 313 3804 tire,
339 3743 370 3792 ut
392 3737 459 3792 haec
475 3737 561 3791 'verbe
584 3737 618 3791 sd
643 3737 729 3805 legem
751 3737 843 3791 Aurel.
867 3739 944 3792 iudio.
969 3733 1108 3792 referende
1130 3751 1188 3794 esse
1214 3743 1346 3793 censeant

253 3823 309 3878 Nee
326 3823 456 3877 refellitur
473 3838 506 3877 ee
523 3822 654 3878 sententie
671 3837 714 3887 eo,
738 3825 809 3890 quod
826 3823 917 3878 Cicero
935 3821 986 3878 hoo
1003 3824 1061 3878 loeo
1078 3825 1185 3880 tertium
1202 3839 1270 3892 quse
1287 3829 1346 3878 eret

253 3924 287 3962 ex
307 3909 366 3975 lege
388 3909 498 3962 Aurelia
518 3907 635 3962 iudicum
657 3908 804 3964 decuriam:
831 3907 955 3964 tribunos
977 3910 1094 3964 aerarios
1116 3909 1220 3964 silentio
1242 3914 1345 3978 prater-

253 3981 334 4056 misit,
352 4009 412 4046 oum
430 4008 476 4046 eos
494 3993 627 4045 nominare
647 3993 712 4046 nihil
731 3995 861 4048 attineret.
888 3995 918 4046 In
938 3995 1093 4050 Cluentiano
1112 4009 1216 4062 quoque
1234 4011 1294 4047 eum
1312 3994 1344 4046 de

252 4079 311 4146 lege
328 4077 438 4132 Aurelio
453 4077 618 4144 loqueretur,
642 4075 683 4132 bis
701 4081 754 4147 (4³,
774 4087 837 4146 1213
861 4085 905 4144 4⁷,
926 4081 987 4146 130)
1009 4089 1064 4130 non
1081 4077 1132 4132 nisi
1149 4085 1301 4132 senatorum
1319 4083 1346 4130 et

251 4162 369 4232 equitum
386 4163 546 4217 mentionem
563 4161 633 4217 feeit
