3116 4780
693 333 861 448 Α

316 554 520 640 Quamquam
533 591 576 605 -··
588 561 622 622 et
638 555 737 641 probe
754 555 814 621 hoo
826 554 892 622 iam
904 554 1069 638 perspexit
1079 551 1326 636 Drumannus⁸i

230 697 276 713 ·-·
291 685 331 731 eo
348 671 481 750 tontum,
497 666 583 749 quod
597 677 672 748 pont
685 669 847 748 perlatum
863 667 968 748 legem
981 662 1147 728 Aureliam
1157 664 1326 730 Fonteium

231 780 418 842 eoeueatum
436 797 508 842 esse
526 783 663 859 oonstet,
680 797 793 861 parum
812 781 898 840 oerte
915 772 1131 855 ooufirmatur,
1157 794 1216 854 quo
1241 795 1325 836 onan

231 884 303 952 etun
326 888 592 970 conmmanit,
611 907 671 952 neo
696 888 722 952 si
746 887 818 969 quie
839 883 984 968 pluribus
1007 884 1103 948 annin
1117 893 1192 962 poet
1210 877 1325 965 oaalto

231 993 402 1062 Fonteium
419 1005 604 1062 aoeueatum
622 1018 694 1063 ease
711 996 877 1076 obtineret,
893 993 949 1059 illo
967 995 1035 1060 solo
1052 999 1240 1076 argumento
1262 993 1326 1058 nisi

232 1101 435 1190 haberemue,
455 1126 517 1188 quo
541 1128 613 1173 eum
637 1107 912 1189 redargueremus.
965 1101 1078 1186 Itaque
1103 1103 1171 1169 alia
1196 1102 1325 1168 demon-

160 1295 163 1300 ,
231 1215 428 1282 attendido
444 1217 586 1283 ineunda
604 1224 667 1302 eet,
684 1222 720 1281 ut
737 1236 799 1300 quo
817 1234 903 1280 anno
921 1212 1047 1279 Fonteii
1065 1231 1164 1278 eausa
1183 1211 1326 1304 aetaleit,

231 1322 480 1408 eomprobemue.

315 1433 478 1502 Suoourrit
500 1434 593 1502 nobie
610 1434 643 1500 Ο.
661 1434 736 1499 Iulii
754 1433 890 1498 Viotoris
912 1432 1001 1497 looue
1016 1428 1055 1514 ⁷),
1073 1432 1127 1515 qui
1146 1431 1236 1496 dioit:
1266 1434 1326 1512 ,ut

231 1544 500 1628 quemadmodum
527 1565 624 1629 supra
651 1543 883 1627 quaerebamus
910 1543 987 1624 quid
1015 1548 1100 1607 esset
1129 1543 1248 1625 simile,
1278 1543 1325 1606 ita

232 1660 299 1719 ete
316 1654 476 1720 eontrario
493 1655 745 1735 oonsideremue,
766 1652 844 1736 quid
860 1653 895 1716 in
922 1672 956 1716 se
974 1651 1131 1717 dissimile
1149 1650 1266 1718 habeat
1285 1671 1324 1715 ea

231 1784 296 1846 ree,
319 1783 403 1847 quae
420 1764 455 1830 in
472 1764 691 1846 quaestionem
714 1763 816 1847 venit,
840 1773 874 1824 at
894 1785 953 1842 pro
972 1758 1105 1822 Fonteio
1126 1761 1172 1820 M.
1198 1761 1324 1823 Tulliae

232 1879 411 1956 amaoqaitar
424 1870 465 1955 ⁸),
486 1878 570 1954 quod
582 1877 650 1936 eius
669 1895 769 1934 oenoe
787 1893 847 1935 aon
865 1876 908 1933 ait
927 1875 1032 1933 eodem
1051 1890 1131 1950 qaae
1153 1871 1267 1932 Verrio.

314 1974 407 2049 Duae
424 1985 563 2050 maxime
580 1979 632 2049 ree
650 2004 690 2048 ox
706 1983 781 2047 Iulii
797 1982 936 2047 Viotoria
952 1979 1060 2045 verbis
1077 1986 1323 2061 eognooountur:

229 2093 379 2178 nmmum,
402 2092 587 2160 Oioerouem
612 2115 683 2159 eum
706 2092 894 2158 defenderet
916 2091 1088 2157 Fonteium·
1109 2089 1180 2153 eius
1197 2110 1323 2177 naneae,

230 2224 293 2288 qua
319 2203 452 2269 Verrem
481 2209 706 2285 aeeusavorat,
733 2202 928 2268 mentionem
955 2199 1085 2280 ieoiese,
1116 2204 1184 2263 tum
1215 2207 1323 2265 autem

230 2311 415 2380 Gioeronem
434 2312 543 2378 Verris
563 2333 695 2378 oausam
719 2333 781 2374 oon
803 2311 901 2373 obiter
918 2309 1079 2391 attigisse,
1099 2311 1157 2369 aed
1174 2310 1323 2388 pleribus

230 2422 331 2488 nortis
353 2422 480 2488 Fonteii
507 2443 638 2488 eausam
656 2443 727 2488 oum
745 2441 844 2488 eausa
862 2420 971 2484 Verris
993 2437 1206 2501 oomparaeoe.
1241 2419 1322 2486 Gon-

230 2533 313 2598 eulto
343 2533 429 2598 enim
455 2533 557 2597 Iulius
589 2533 699 2597 Viator
724 2530 920 2613 exsequendi
946 2548 1058 2595 vonam
1087 2529 1166 2594 mihi
1195 2529 1323 2595 videtur

229 2661 412 2726 usurpasse,
426 2662 489 2725 qua
500 2641 546 2726 (et
558 2643 689 2727 saepius
699 2662 738 2707 eo
749 2661 845 2707 sensu
854 2641 912 2704 illa
921 2659 1000 2705 voee
1010 2639 1062 2703 usi
1073 2646 1147 2704 eunt
1158 2637 1322 2720 veterani)
1424 2637 1426 2646 ’

228 2748 430 2818 hauddubie
447 2751 627 2838 aignilioare
643 2751 744 2816 voluit
760 2749 991 2814 aoouratiorem
1009 2749 1057 2813 rei
1075 2748 1305 2814 traetetionem.

313 2860 405 2939 Quae
423 2861 451 2926 ei
469 2862 516 2926 ita
532 2881 605 2927 ense
621 2861 701 2926 mihi
718 2859 874 2940 nouandis,
892 2858 1044 2940 eolligere
1061 2877 1113 2922 me
1130 2875 1225 2941 posse
1235 2863 1323 2940 puto,

228 2969 355 3037 Fonteii
374 2990 505 3036 eausam
523 2972 611 3033 tend
627 2973 724 3033 multo
738 2977 814 3050 poet
832 2967 941 3032 Verrio
965 2986 1097 3032 oausam
1116 2971 1222 3032 aetam
1243 2987 1324 3032 esee.

228 3079 313 3146 Nam
341 3080 468 3146 etiamsi
494 3081 604 3147 Verris
629 3101 760 3146 oausam
786 3075 910 3143 nivibus
938 3077 1091 3142 Romanis
1120 3084 1186 3143 tam
1214 3083 1323 3141 notam

228 3189 329 3256 irrisae
354 3211 458 3274 eaque
483 3192 624 3258 omnium
649 3189 775 3255 animos
802 3181 868 3252 tam
895 3185 1048 3259 excitatos
1074 3207 1146 3254 ease
1171 3192 1261 3270 puto,
1288 3194 1323 3252 ut

228 3299 373 3381 pluribus
399 3301 493 3366 annia
520 3307 592 3384 post
622 3301 656 3364 in
686 3299 753 3364 alia
783 3298 922 3381 quadam
951 3297 1095 3362 oratione
1126 3317 1198 3360 eam
1226 3296 1323 3358 obiter

230 3429 464 3471 commemorare
499 3410 639 3493 potuerit
673 3408 797 3491 Cicero,
839 3415 947 3472 tamen
981 3406 1149 3489 intelligia,
1184 3406 1321 3488 primum

230 3523 388 3612 copiosius
412 3529 441 3581 et
462 3519 589 3581 alarios
612 3539 744 3584 oausam
762 3518 932 3586 Verrinam
953 3537 1024 3581 oum
1041 3516 1109 3580 alia
1127 3513 1169 3579 ab
1192 3535 1230 3580 eo
1250 3535 1322 3580 oon-

227 3627 305 3694 terri
320 3629 464 3712 potuisse
481 3649 546 3694 non
563 3628 626 3694 nisi
642 3648 680 3693 eo
698 3634 853 3711 tempore,
871 3646 933 3709 quo
954 3626 1108 3693 memoria
1123 3625 1322 3706 singularum

299 3827 326 3892 6)
344 3825 360 3878 l.
374 3843 395 3880 c.
414 3844 438 3894 p.
454 3836 511 3880 330.
536 3874 544 3880 .

299 3913 327 3978 t)
345 3920 403 3976 400,
423 3921 453 3964 12
473 3910 514 3964 ed.
531 3911 616 3963 Halm.
652 3963 662 3972 ,

298 3995 326 4060 8)
345 3994 399 4047 scil.
417 3996 445 4047 in
463 4011 495 4048 ea
511 3995 639 4048 orationis
656 4000 743 4062 parte,
761 4009 829 4062 quae
846 3995 930 4062 periit

297 4079 686 4148 e)ofr.0io.adFamil.11‚
710 4087 741 4132 ar
764 4078 831 4132 med
847 4078 903 4134 Liv.
930 4079 1046 4146 XXVII,
1075 4086 1120 4144 aa,
1146 4077 1253 4130 XXIX.
1281 4085 1320 4130 17.

223 4163 364 4218 Drakenb.
383 4163 417 4217 ad
434 4164 491 4220 Liv.
508 4165 542 4230 V,
563 4173 601 4230 15,
622 4174 661 4219 12.
