3116 4780
730 297 779 374 29

209 527 339 603 praesto
364 519 433 585 iore
456 519 602 604 promisit
626 518 858 602 Fonteiumque
885 539 925 584 ex
947 519 1020 602 lege
1042 517 1191 585 cornelia
1213 537 1303 602 repe-

209 630 383 695 tundarum
401 629 617 696 accusandum
636 631 784 714 suscepit.
1284 611 1286 616 ¹

295 737 355 804 cui
381 740 423 804 M.
445 739 606 805 Plaetorio
634 737 777 804 Cestiani
803 757 980 820 cognomen
1003 737 1104 802 fuisse
1130 737 1304 801 verisimile

211 869 283 914 esse
306 849 429 932 primus
455 848 536 916 dixit
560 849 768 914 Drumannus
781 846 845 931 ¹³),
873 848 943 930 ipse
970 853 1079 911 tamen
1108 848 1196 912 nullo
1224 848 1304 912 satis

210 956 300 1023 firmo
317 957 500 1022 testimonio
518 957 552 1021 id
569 955 769 1040 comprobari
794 977 890 1040 posse
915 956 1060 1022 coneedit
1074 955 1135 1039 ²⁴).
1176 957 1227 1022 Ne
1244 976 1303 1039 ego

211 1066 339 1149 quidem
357 1088 424 1132 rem
441 1085 499 1149 pro
514 1074 599 1132 ocrto
617 1065 862 1131 adfirmaverim.
896 1066 981 1130 Nam
994 1085 1188 1149 quamquam
1196 1069 1305 1151 plures

210 1177 299 1242 numi
317 1175 423 1258 gentis
440 1176 622 1241 Plaetoriae
640 1181 780 1258 exstant,
793 1176 828 1240 in
846 1175 960 1258 quibus
978 1176 1116 1258 singulis
1133 1176 1306 1241 Plaetoriis

210 1283 433 1351 Cestianorum
452 1305 627 1367 cognomen
645 1285 788 1368 additur,
812 1292 844 1350 et
861 1304 1054 1368 quamquam
1071 1285 1121 1352 bis
1139 1286 1305 1352 inveniun-

212 1401 263 1460 tur
281 1395 382 1460 Marci
399 1395 553 1461 Plaetorii
572 1394 715 1462 Cestiani
734 1395 861 1460 curules
879 1395 1004 1461 aediles
1018 1399 1026 1434 ¹
1038 1393 1084 1481 ⁵),
1107 1404 1214 1461 tamen
1232 1415 1305 1459 oum

209 1505 365 1588 plurimos
397 1506 498 1570 variis
528 1503 725 1588 reipublicae
755 1504 952 1589 temporibus
977 1509 1156 1573 Plaetorios
1183 1507 1305 1571 Romae

210 1614 312 1680 luisse
341 1619 590 1680 consentaneum
617 1615 671 1696 sit,
696 1634 760 1679 non
786 1616 927 1678 dilucide
944 1625 1097 1701 apparet,
1121 1617 1207 1682 idem
1234 1635 1305 1697 ocg-

210 1743 329 1789 nomen
345 1725 447 1788 fuisse
464 1724 506 1788 M.
523 1723 694 1806 Plaetorio,
712 1723 838 1790 Fonteii
856 1727 1044 1792 accusatori.
1112 1779 1116 1786 .

296 1835 404 1899 Minus
421 1832 608 1916 ambigitur,
634 1855 711 1897 num
728 1833 756 1899 is
773 1835 814 1900 M.
831 1837 1014 1902 Plaetorius
1037 1837 1123 1902 idem
1146 1836 1188 1901 sit
1210 1841 1306 1917 atquo

210 1944 280 2026 ille,
298 1945 441 2026 quicum
460 1942 494 2008 O.
512 1943 672 2008 Flaminio
695 1945 811 2010 aedilis
827 1947 948 2012 curulis
965 1947 1039 2030 tuit,
1062 1947 1149 2030 apud
1172 1965 1265 2027 quem
1286 1963 1306 2007 a
1323 1973 1327 1979 ·

211 2052 366 2119 Cicerone
389 2053 427 2118 D.
455 2053 653 2136 Matrinium,
680 2052 817 2120 scribam
844 2055 1028 2121 aedilicium
1046 2056 1212 2121 defensum
1236 2075 1307 2120 esse

180 2219 183 2226 ,
213 2162 368 2228 discimus
394 2182 434 2227 ex
460 2161 651 2228 Cluentiano
664 2161 730 2247 1⁶),
761 2185 832 2229 oum
859 2186 898 2230 ea
924 2166 1026 2231 oratio
1053 2163 1155 2230 tribus
1181 2170 1306 2235 tautum

213 2272 310 2336 annis
331 2278 404 2355 post
420 2272 633 2337 Fonteianam
655 2271 767 2338 habita
785 2274 827 2338 sit
844 2274 991 2359 idemque
1013 2294 1209 2360 praenomen
1225 2273 1308 2338 indi-

213 2387 283 2444 tum
303 2380 505 2447 inveniamus
528 2381 558 2445 ei
579 2381 751 2464 Plaetorio,
777 2384 831 2464 qui
858 2390 1122 2450 commemoratur·
1141 2384 1174 2447 in
1192 2382 1308 2447 Cluen-

213 2488 305 2553 tiana
323 2497 419 2573 atque
436 2476 502 2573 illi,
512 2490 566 2573 qui
584 2492 750 2556 accusavit
765 2493 806 2556 M.
825 2492 1003 2560 Fonteium.

298 2597 368 2676 Quo
390 2621 476 2667 anno
493 2601 674 2667 Plaetorius
701 2601 868 2668 aedilitate
890 2604 1017 2668 iunctus
1044 2603 1100 2685 sit,
1126 2599 1308 2682 ambigitur.

211 2709 347 2789 Legitur
366 2712 450 2776 enim
475 2711 563 2796 apud
580 2701 767 2775 Ciceronem
781 2710 840 2795 1⁷),
867 2733 896 2777 a.
922 2705 1251 2800 688166Plaminium
1276 2718 1308 2775 et

212 2817 410 2885 Plaetorium
437 2821 619 2904 quaestioni
645 2821 729 2884 inter
762 2821 895 2886 sicarios
926 2822 1115 2904 praefuisse.
1167 2819 1239 2897 Qua
1273 2839 1308 2884 re

212 2936 389 2994 commotus
406 2931 614 2996 Drumannus
630 2928 680 3012 l⁸)
699 2932 838 3014 putavit,
862 2930 974 2996 eodem
998 2931 1086 2996 anno'
1103 2924 1215 3016 688Ι66
1235 2931 1308 2994 illos

211 3044 379 3119 praetores
396 3039 496 3105 fuisse
513 3041 704 3123 innixusque
721 3042 793 3122 lege
810 3040 909 3106 Villia
927 3041 1039 3106 annali
1057 3038 1203 3123 obtinuit,
1220 3038 1308 3103 aedi·

215 3189 427 3202 Ἥ

222 3335 226 3342 ι
288 3276 331 3340 13)
349 3274 365 3326 l.
380 3291 401 3327 e.
419 3291 443 3341 p.
458 3283 515 3325 331.

288 3360 331 3424 14)
348 3359 364 3410 l.
377 3376 398 3412 c.
416 3363 503 3412 annot.
520 3365 560 3410 52.
923 3409 925 3414 ,

286 3443 330 3508 15)
347 3443 394 3495 ot'r.
410 3443 431 3496 I.
449 3441 622 3495 Eckhelium:
647 3442 778 3496 Doctrina
794 3456 932 3495 numerum
949 3447 1079 3507 veterum,
1102 3441 1215 3496 Vindob.
1236 3451 1309 3497 1795.

212 3522 276 3578 Vol.
290 3525 321 3590 V,
339 3542 364 3593 p.
379 3535 427 3579 173
441 3543 497 3594 sqq.

288 3612 331 3680 16)
348 3628 386 3678 pr.
405 3611 507 3665 Cluent.
529 3629 569 3680 ep.
588 3621 629 3678 45,
653 3617 675 3680 ξ.
696 3620 755 3665 126:
784 3627 869 3678 nuper
892 3614 1025 3666 hominem
1050 3619 1170 3675 tenuem,
1196 3613 1309 3666 scribam

127 3713 129 3718 ¹
212 3695 377 3761 aedilicium,
400 3695 432 3749 D.
450 3697 613 3760 Matrinium,
636 3713 695 3750 eum
713 3696 888 3756 defendissem
907 3697 977 3764 apud
996 3697 1031 3749 M.
1049 3697 1154 3750 Iunium
1172 3699 1202 3765 Q.
1219 3698 1310 3750 Publi-

212 3781 286 3834 cium
303 3785 439 3847 praetores
457 3788 484 3833 et
501 3781 534 3834 M.
552 3781 713 3834 Plaetorium
728 3781 756 3835 Ο.
769 3780 928 3834 Flaminium
947 3781 1040 3834 aedilis
1057 3781 1165 3848 curulis,
1182 3783 1310 3848 persuasi,

212 3871 245 3917 ut
260 3864 374 3919 scribam
388 3866 466 3918 iurati
479 3866 598 3932 legerent
613 3881 685 3930 eum,
704 3882 781 3933 quem
793 3867 877 3918 eidem
889 3867 933 3920 isti
945 3881 1068 3920 censores
1082 3867 1146 3935 [scil.
1161 3866 1191 3918 L.
1207 3865 1309 3921 Gellius

212 3949 263 4004 Cn.
280 3947 421 4018 Lentulus]
441 3951 573 4003 aerarium
589 3951 726 4017 reliquisse
743 3965 772 4004 se
789 3951 1011 4018 subscripserunt

288 4036 332 4102 17)
348 4033 413 4089 ibid.
430 4050 470 4102 cp.
484 4043 525 4100 ua,
543 4039 565 4103 ς.
576 4044 633 4090 147.

288 4119 333 4186 13)
349 4117 366 4172 l.
380 4134 402 4171 c.
419 4134 444 4186 p.
459 4128 515 4185 335,
534 4120 620 4173 adnot.
639 4128 679 4174 84.
