3116 4780
716 315 887 432 A

301 577 305 584 -
340 539 527 624 Quaeritur,
548 539 710 623 quomodo
730 540 844 608 verba:
874 539 1005 621 ,dailos
1025 571 1070 586 --
1089 538 1239 621 poturo&
1269 537 1350 603 aoei-

249 651 375 735 ‚pienda
398 652 471 716 sint
513 651 562 716 Ao
585 657 670 716 reete
692 650 890 716 intellexisse
917 670 957 716 ea
979 656 1056 734 puto
1079 644 1351 731 Wagner-omn),
1391 635 1394 640 ¹

255 762 310 844 qui
331 761 412 828 haee
429 762 473 827 ad
490 761 581 826 illum
599 763 704 827 looum
722 762 902 827 annotavit:
929 761 1014 841 ,Hoo
1037 761 1106 829 sne
1128 757 1231 826 dubio·
1248 757 1350 822 voluit

255 872 423 940 Fonteius:
443 872 566 954 Gallos,
583 871 665 938 meri
682 851 780 938 antea
797 877 973 956 potatores,
995 871 1115 954 quiquo
1136 869 1248 935 vinum
1265 886 1350 949 aqua

253 981 392 1048 dilutum
413 988 449 1046 ut
465 1001 624 1047 venenum
642 980 895 1066 abhorruissent,
918 1002 1011 1048 nuno·
1026 979 1060 1064 (i.
1079 1001 1109 1046 e.
1125 978 1266 1063 portorio
1282 967 1350 1042 vini

255 1088 415 1172 instituto)
442 1110 560 1173 aquam
583 1097 691 1156 tamen
710 1091 883 1157 adfusuros
905 1092 1044 1174 indeque
1071 1089 1251 1155 lueraturos
1278 1105 1350 1153 esse

254 1200 328 1285 hoo,
353 1209 388 1266 ut
410 1199 619 1286 placidiores,
645 1200 752 1266 minus
774 1203 875 1270 rixosi
897 1202 1100 1284 seniorisque
1125 1199 1242 1266 mentis
1267 1218 1350 1263 oom-

253 1318 345 1398 potes
362 1312 495 1378 essent.“

339 1439 446 1504 Minus
459 1443 575 1502 'autern
593 1438 730 1522 probare
752 1459 897 1522 possum,
920 1439 1006 1522 quod
1023 1437 1206 1519 Wagnerus
1229 1443 1260 1501 et
1278 1441 1350 1519 post

253 1567 327 1615 eum
349 1546 617 1629 Drumannus³⁰)
643 1554 849 1631 putaverunt,
877 1548 1042 1614 Ammiani
1067 1546 1167 1612 verba
1188 1546 1349 1630 pertinere

253 1659 297 1726 sd
312 1660 461 1724 laeunam
475 1663 547 1740 post
560 1659 589 1736 ἕ.
598 1661 638 1722 20
654 1653 718 1742 [10]
735 1656 872 1724 obviarn.
902 1660 978 1724 Iure
989 1658 1074 1724 enim
1087 1655 1284 1722 Niebuhrius
1296 1653 1348 1738 ³¹)

253 1768 384 1834 innixus
402 1768 471 1832 loeo
488 1768 522 1834 O.
539 1764 698 1851 Plinii³²)
717 1768 795 1834 mihi
814 1769 942 1835 videtur
960 1768 1105 1834 obtinere
1122 1767 1220 1832 etiam
1237 1767 1348 1831 titulos

257 1878 324 1957 ,De
341 1878 475 1942 erimine
492 1878 636 1944 vinario“
667 1879 734 1958 „De
753 1878 838 1945 bello
855 1877 1098 1945 Vocontiorum“
1129 1877 1196 1956 ,De
1213 1859 1351 1960 disposiss

253 1988 340 2054 tione
357 1985 596 2071 hibernorum“,
620 1986 674 2070 qui
692 1995 764 2072 post
780 1990 810 2068 ξ.
821 1993 861 2054 id
880 1984 944 2073 [10]
963 1987 1163 2054 Fonteianae
1180 1986 1348 2052 inveniun-

253 2103 305 2162 tur
331 2103 363 2161 et
384 2097 419 2161 in
436 2097 661 2180 antiquissimo
685 2098 794 2164 oodioe
816 2099 916 2164 minio
939 2097 1049 2180 seripti
1071 2104 1159 2186 sunt,
1185 2087 1348 2163 Gioeronis
1418 2085 1422 2092 ’

253 2207 357 2290 ipsius
375 2227 448 2276 esse
465 2227 610 2290 eumque,
628 2226 711 2289 quae
729 2207 860 2275 uberius
876 2209 918 2274 de
937 2209 1002 2274 illis
1016 2211 1156 2280 dixerat,
1175 2207 1209 2272 in
1227 2211 1349 2270 edenda

253 2316 397 2398 oratione
429 2315 531 2383 titulis
563 2322 687 2384 tanturn
719 2318 890 2385 indicasse.
939 2319 1033 2385 Certe
1062 2316 1188 2387 librarii
1222 2316 1350 2383 desidio

253 2428 359 2494 aliove
377 2446 455 2492 oasu
472 2427 592 2492 fastum
610 2449 690 2512 esso,
707 2435 743 2494 ut
760 2430 818 2495 illa
835 2430 953 2506 lacuna
971 2429 1154 2510 exsisteret,
1168 2426 1350 2519 *verisimile

252 2558 317 2605 non
341 2543 399 2602 est.
441 2538 556 2619 Itaque
581 2539 760 2623 quaeritur,
786 2540 837 2604 oui
865 2521 1020 2605 orationis
1045 2537 1131 2622 parti
1158 2537 1239 2602 illud
1266 2536 1350 2617 frag-

252 2631 407 2731 mentum,
437 2646 521 2729 quod
543 2647 630 2730 apud
647 2647 855 2713 Ammianum
878 2649 1007 2732 legitur,
1035 2649 1077 2713 sit
1102 2645 1351 2712 attribuendum.

213 2816 216 2822 .
253 2757 412 2840 Equidem
441 2755 547 2822 iudioo
578 2756 612 2822 in
641 2758 828 2826 narratione
860 2758 893 2823 id
922 2758 1037 2841 fuisse,
1066 2759 1191 2840 inqua
1222 2761 1351 2840 praeter

253 2872 376 2932 oeteras
399 2887 451 2932 res
474 2887 494 2930 a
512 2866 646 2932 Fonteio
669 2867 833 2933 institutas
854 2869 1152 2953 etiamnortorium
1175 2866 1242 2932 vini
1267 2882 1350 2930 eorn-

252 2996 448 3042 memorasse
467 2975 652 3043 Oioeronem
667 2997 761 3043 nemo
778 2976 900 3042 infitias
917 2977 985 3043 ibit.
1060 2971 1061 2976 ’
1097 3024 1099 3028 -

338 3103 386 3166 Ao
407 3101 448 3167 de
465 3103 651 3169 narratione
678 3103 844 3170 haetenus.
886 3105 964 3170 Post
981 3105 1052 3170 eius
1070 3102 1236 3184 relliquias
1254 3102 1349 3166 eollo-

252 3211 391 3278 oandurn
407 3217 484 3295 puto
502 3211 615 3293 fragm.
632 3212 706 3278 dus.
723 3218 756 3279 9:
783 3214 888 3294 ,Quid
909 3213 1077 3297 pugnant?
1100 3212 1177 3294 quid
1200 3209 1348 3276 struunt?

253 3320 330 3403 quid
348 3320 544 3403 nituntur‘?“,
559 3322 644 3403 quod
662 3344 703 3388 ex
721 3344 758 3389 eo
776 3324 932 3390 orationis
949 3325 1019 3388 loeo
1037 3323 1259 3405 depromptum
1277 3340 1349 3384 esse

323 3642 368 3708 29)
385 3639 412 3691 in
431 3639 545 3692 editione
563 3655 612 3692 sua
628 3640 760 3694 Ammiani
778 3638 826 3692 Bd.
841 3638 880 3704 II,
898 3657 923 3708 p.
935 3650 992 3694 171.

323 3725 367 3791 so)
384 3725 399 3776 l.
414 3740 435 3776 c.
452 3741 477 3792 p.
492 3731 558 3776 aas:

323 3811 368 3877 31)
386 3811 403 3862 l.
416 3827 438 3862 o.
456 3827 481 3878 p.
496 3820 529 3865 40
543 3827 580 3877 sq.
1017 3879 1020 3885 Ι

322 3895 512 3963 32)Epist.1,
536 3906 580 3961 20,
605 3905 634 3949 7:
663 3895 757 3949 Testes
784 3901 846 3949 sunt
871 3896 970 3948 multae
994 3897 1137 3950 multorum
1163 3894 1295 3948 orationes
1323 3901 1351 3948 et

254 3979 388 4034 Oiosronis
414 3997 463 4049 pro
485 3982 609 4046 Murena,
634 3996 683 4048 pro
708 3979 828 4046 Vareno,
855 3981 883 4033 in
906 3981 1003 4048 quibus
1025 3981 1114 4036 brevis
1136 3987 1163 4034 et
1185 3981 1256 4033 nude
1274 3982 1351 4047 quasi

252 4066 412 4133 subscriptio
431 4067 595 4133 quorundam
611 4066 751 4120 criminum
768 4065 831 4119 solis
848 4065 933 4119 titulis
950 4067 1087 4120 indicetur.
1118 4065 1160 4119 Ex
1178 4065 1221 4120 his
1238 4073 1351 4133 apparet

252 4150 326 4203 illurn
343 4152 474 4218 permulta
492 4151 601 4216 dixisse,
618 4168 678 4204 curn
696 4151 787 4204 ederet
801 4152 927 4205 omisisse.
991 4181 996 4188 ·
