3116 4780
742 297 911 414 —en—

280 527 350 593 Nee
362 533 471 592 temen
483 525 617 592 diffieile
630 530 680 592 est
690 543 808 591 nomen
821 523 911 590 illius
924 527 1083 609 praeteris
1094 527 1264 614 indagare,
1283 530 1373 596 dum-
1395 538 1398 544 '

279 637 374 704 medo
387 636 447 702 hoe
464 655 516 703 me
534 636 604 702 iure
620 635 823 702 eontendiese
840 637 1010 721 eoneedes,
1027 636 1197 703 Fonteium
1215 657 1244 703 u.
1256 633 1372 726 685169

277 752 471 832 peeusatum
483 766 523 812 ue
535 746 703 812 defensum
720 765 802 812 esse.
843 745 922 812 Cum
941 745 1026 810 enim
1039 743 1152 812 Oieero
1165 767 1322 814 eeeusuns
1339 748 1373 815 (l.

279 857 413 922 Verrem
431 877 459 922 a.
478 856 591 938 684170
609 851 776 938 dieetll):
805 856 906 936 „Erue
929 861 1036 920 autem
1059 855 1124 921 illis
1148 856 1228 940 ipsiu
1250 856 1373 941 diebus,

275 963 351 1032 'eum
369 973 535 1051 praetores
547 965 707 1048 designati
726 963 774 1048 (in
787 982 906 1030 annum
921 955 1051 1050 685169)
1070 966 1259 1032 sortirentur
1276 977 1307 1029 et
1324 967 1369 1030 Μ.

281 1078 416 1140 Metello
440 1076 619 1156 obtigisset,
649 1089 684 1136 ot
709 1079 739 1137 ie
766 1081 805 1138 de
828 1078 972 1155 pecuniis
995 1079 1176 1155 repetundis
1200 1087 1373 1158 quaereret,

280 1186 446 1252 nuntietur
457 1184 537 1251 mihi
551 1190 674 1250 tentem
688 1185 744 1250 isti
762 1181 883 1269 (Verri)
896 1185 1145 1266 gratulationem
1160 1179 1232 1252 esse
1244 1187 1373 1272 laetum,
1404 1273 1409 1280 .

280 1301 315 1360 ul
337 1296 366 1360 is
389 1295 518 1361 domum
541 1315 665 1378 quoque
686 1313 803 1380 pueros
824 1294 977 1378 mitteret,
1003 1295 1057 1377 qui
1079 1295 1170 1362 uxori
1194 1316 1272 1362 suae
1294 1319 1373 1365 nun-

279 1405 415 1471 tiarent
436 1402 542 1487 et³⁷):
569 1405 734 1489 „Repeliu
751 1403 890 1488 iudieeS,
907 1403 987 1470 haee
1000 1403 1043 1469 ub
1056 1405 1128 1470 istis
1140 1405 1275 1471 eonsiliu
1292 1407 1374 1473 inite

280 1522 313 1580 et
331 1515 512 1598 eonstitute,
530 1521 573 1600 ut,
591 1533 791 1598 queeumque
805 1534 885 1598 opus
899 1521 985 1580 esset
1002 1515 1135 1600 ratione,
1152 1535 1205 1581 res
1218 1516 1264 1580 ite
1279 1516 1373 1583 duee-

279 1633 381 1708 retur,
398 1631 434 1689 ut
452 1630 540 1705 epod
563 1626 609 1687 M.
630 1624 795 1686 Metellum
816 1630 994 1704 praetorem
1012 1637 1111 1691 eausa
1133 1625 1301 1692 dieeretur.
1334 1627 1373 1692 In

279 1755 318 1800 eo
336 1755 409 1800 esee
426 1734 507 1799 haee
527 1733 705 1799 eommodu:
727 1732 864 1816 primurn
887 1733 928 1798 M.
951 1734 1116 1799 Metellum
1135 1734 1374 1819 amieiseimum,

279 1844 397 1911 deinde
414 1845 619 1910 Hortensium
642 1844 805 1909 eonsulem
827 1862 892 1909 non
914 1844 1029 1927 solum,
1055 1844 1232 1912 sedetiam
1254 1844 1291 1923 Q.
1308 1847 1374 1912 Me·

279 1953 408 2020 tellum“
420 1953 574 2038 effletur,
592 1960 627 2018 ut
646 1952 734 2037 apud
746 1953 788 2017 M.
800 1953 965 2019 Metellum
982 1960 1170 2038 praetorem,
1188 1954 1319 2021 fratrem
1337 1953 1374 2032 Q.

279 2057 401 2129 Metelli
418 2061 535 2129 Gretloi
553 2083 616 2128 eoe.
634 2063 778 2129 eiusdem
795 2062 872 2128 enni
889 2062 1043 2129 Fonteius
1060 2069 1229 2129 eeeusetus
1244 2063 1293 2129 sit.

363 2172 504 2239 Oaueem
526 2179 632 2238 aetem
655 2193 728 2238 esse
750 2174 882 2256 exlege
905 2169 1056 2238 Gemella
1082 2174 1148 2238 iam
1170 2173 1246 2240 dixi.
1280 2173 1372 2240 Hune

279 2284 383 2366 legem
401 2283 492 2350 Sulle.
510 2284 647 2349 dietetor
664 2283 783 2348 tulerit
801 2301 902 2365 eaque
920 2287 955 2346 ut
972 2288 1070 2348 antee
1083 2283 1155 2364 lege
1173 2282 1313 2350 Servilia
1331 2284 1372 2349 de
1431 2355 1436 2362 ,

278 2393 424 2477 peeuniis
446 2392 693 2477 repetundie³⁸)
719 2393 878 2459 euneitum
905 2398 989 2474 erut,
1019 2398 1055 2456 ut
1081 2411 1101 2456 u
1123 2400 1272 2476 praetore
1300 2400 1372 2478 post

267 2503 414 2587 primum
437 2502 596 2569 aetionem
622 2502 764 2568 seeundo
789 2502 823 2567 in
849 2500 1060 2585 perendinum
1088 2503 1175 2569 diem
1202 2505 1373 2570 constitue-

278 2620 380 2697 retur,
405 2613 439 2677 lu
459 2631 523 2694 qua
546 2614 662 2678 iterum
685 2618 760 2677 ueto.
782 2631 882 2676 ennea
903 2611 1032 2677 demum
1054 2613 1177 2679 iudiees
1196 2616 1372 2680 sententias

277 2722 429 2788 dicerent.

363 2832 412 2897 Ae
433 2831 478 2898 ‚de
498 2833 604 2916 priore
627 2832 753 2897 aetione
776 2851 895 2897 eeusee
918 2831 1117 2899 Fonteienae
1139 2833 1268 2899 omnino
1291 2833 1372 2898 nihil

280 2943 433 3036 traditum
451 2947 508 3007 est.
551 2941 589 3006 ld
612 2947 721 3006 eutem
739 2945 877 3025 eonetet,
896 2960 968 3007 eum
988 2941 1142 3008 orationis
1161 2963 1219 3025 pro
1237 2942 1371 3009 Fonteio

279 3057 417 3135 purtem,
444 3068 526 3133 quae
543 3049 636 3116 nobie
654 3058 783 3116 servate
801 3057 862 3134 eet,
880 3051 1041 3119 secundae
1064 3050 1185 3117 actioni
1198 3052 1372 3119 attribuen-
1456 3085 1464 3090 ·

159 3215 164 3221 .
279 3159 354 3225 dem
376 3180 463 3243 esse,
486 3180 557 3225 eum
581 3157 755 3243 Oioerell)
776 3161 878 3227 dieat:
907 3162 974 3242 „De
996 3181 1059 3244 quo
1076 3160 1219 3244 homine,
1240 3161 1373 3248 iudieee,

148 3297 151 3302 ·
278 3303 323 3320 --
338 3271 404 3335 ium
421 3269 507 3336 enim
524 3269 603 3335 mihi
620 3269 733 3336 videor
749 3269 810 3336 hoo
824 3290 925 3357 prope
941 3290 1040 3336 eeuse
1050 3269 1176 3336 duabus
1194 3269 1373 3337 notionibus

279 3386 430 3461 perorata
452 3380 569 3447 debere
592 3381 700 3448 dieere
725 3416 772 3480 ᾗ
794 3382 836 3447 de
861 3401 923 3463 quo
949 3381 1078 3448 homine
1100 3399 1142 3447 ne
1169 3379 1212 3447 eb
1234 3379 1373 3447 inimieis

281 3569 491 3580 ——-—-.

352 3699 536 3767 ee)inVerr.
553 3702 612 3754 Act.
629 3701 654 3765 1,
672 3705 693 3767 ς.
707 3711 747 3755 er.

350 3788 396 3856 m)
412 3787 475 3840 ruo.
493 3789 567 3854 §.ru
681 3821 685 3828 .
1077 3822 1081 3828 ,

286 3865 305 3932 ·[
350 3874 396 3940 38)
413 3871 459 3924 cfr.
477 3869 565 3925 eamr.
581 3861 745 3938 Zumpt'iurn:
762 3871 1029 3926 Commentationum
1047 3871 1080 3923 de
1097 3869 1201 3937 legibue
1216 3868 1372 3935 iudiciisque

154 3995 157 4002 ,
279 3955 485 4022 repetundumm
507 3955 604 4008 Persl
626 3957 667 4009 in:
693 3954 846 4024 Abhendlg.
870 3955 894 4008 d.
912 3955 974 4023 Kgl.
990 3954 1075 4008 ekae.
1097 3954 1145 4007 der
1161 3953 1323 4008 wissensch.
1345 3949 1373 4006 in

280 4039 350 4093 Berl.
368 4055 416 4092 eus
434 4039 495 4092 dem
511 4040 535 4094 J.
551 4049 624 4106 1845,
641 4047 666 4110 p.
680 4051 721 4096 eo.

350 4127 395 4194 ³9)
412 4130 435 4192 ς.
449 4132 480 4178 ³7
495 4124 557 4196 [2⁷1.
575 4125 620 4180 cfr.
637 4131 775 4195 praeterea
792 4129 814 4194 5.
829 4133 862 4179 40
875 4123 938 4195 [801.
