3116 4780
746 359 909 472 ..Aa

281 581 413 647 Verrem
425 582 591 666 repetuud.
604 589 797 665 accusasset,
810 588 877 649 mm
891 583 1060 649 Fonteium
1074 583 1218 649 eiusdem
1233 581 1378 648 oriminis

281 709 370 756 reum
389 690 584 776 defenderet,
602 710 697 776 quam
712 693 747 756 in
762 697 922 773 principio
940 693 1104 759 orationis.

366 803 449 867 llum
467 807 587 887 autem,
612 803 666 886 qui
688 803 881 869 sententiam
904 823 1009 868 meam
1027 805 1091 870 nisi
1109 803 1264 888 exemplis
1280 802 1377 868 huius

283 909 329 981 rei
346 912 482 995 prolatis
502 931 565 979 non
582 912 781 996 probabilem
805 933 876 978 esse
897 913 1033 998 inclinat,
1057 914 1171 996 delego
1194 913 1239 979 ad
1260 914 1376 998 prinei·

279 1018 429 1106 pium20)
448 1023 517 1088 eius
535 1023 703 1106 orationis,
722 1042 785 1105 qua
804 1022 914 1089 Gioero
933 1025 1044 1090 oonsul
1062 1025 1098 1090 L.
1116 1025 1297 1107 Murenam,
1314 1044 1377 1090 oos.

278 1111 539 1214 designatum'de
561 1131 679 1194 autito
697 1143 881 1196 accusatum
903 1153 932 1200 a.
951 1133 1061 1214 selles
1087 1133 1244 1216 defendit,
1268 1155 1376 1217 quam-

280 1259 375 1323 quam
400 1249 618 1308 reetumesse
640 1251 793 1326 negatum
812 1243 854 1309 sit
872 1244 1057 1312 Oioerone'm
1084 1252 1133 1324 „et
1156 1245 1378 1332 oonsulem-et

242 1435 245 1442 Ι
281 1352 365 1429 tegis
383 1351 517 1414 ambitus
536 1356 668 1417 latorem
686 1359 718 1418 et
735 1360 801 1420 tam
820 1375 932 1421 severe
950 1362 1041 1437 gesto
1059 1358 1227 1421 oonsuletu
1245 1373 1376 1418 oausam

281 1463 316 1526 L.
331 1459 485 1528 Murenae
503 1463 688 1546 attingere.“
735 1464 783 1530 Ao
798 1465 947 1531 similiter
966 1485 1001 1531 se
1020 1485 1174 1531 exousare
1191 1464 1376 1530 Gioeronem

279 1572 314 1637 in
332 1573 463 1637 exordio
482 1573 552 1638 eius
569 1573 732 1667 orationis,
751 1594 846 1656 quam
859 1594 918 1659 pro
931 1575 965 1641 P.
980 1574 1128 1642 Oornelio
1147 1575 1238 1640 Sulla
1256 1573 1377 1656 habuit,

282 1683 355 1761 ex§
374 1685 393 1746 2
412 1702 497 1765 seqq.
515 1682 586 1747 eius
599 1683 754 1750 orationis
771 1686 866 1750 laoile
885 1688 1059 1768 eognosois.

364 1791 444 1858 Gum
461 1791 522 1858 hoo
532 1791 565 1858 O.
580 1793 655 1857 Iulii
667 1793 806 1859 Viotoris
821 1796 999 1878 fragmento
1018 1795 1108 1860 aliud
1119 1793 1377 1877 coniungendam

279 1918 350 1968 esse
381 1903 540 1987 existimo,
576 1903 661 1986 quod
695 1905 812 1985 legitur
838 1906 926 1988 apud
961 1904 1099 1970 eundem
1128 1902 1377 1990 seriptorsmss)

279 2012 426 2095 quodque
444 2013 478 2077 in
495 2017 656 2093 principio
674 2014 829 2079 orationis
847 2035 905 2098 pro
923 2015 1059 2080 Fonteio
1077 2015 1179 2081 fuisse
1196 2035 1291 2081 nemo
1307 2013 1377 2078 infi-

279 2123 342 2188 tias
370 2124 417 2188 ire
442 2129 562 2207 potest,
583 2123 660 2205 quia
677 2123 779 2188 Iulius
797 2123 906 2189 Viotor
928 2125 962 2190 id
979 2125 1057 2190 iude
1075 2145 1109 2189 se
1133 2125 1288 2208 petivisse
1305 2126 1396 2208 ipse

277 2231 450 2316 profitetur.
492 2232 672 2298 Audiamus
690 2232 793 2316 ipsius
805 2233 918 2299 verba:
940 2235 1049 2314 „Lioet
1066 2235 1163 2300 etiam
1181 2237 1378 2320 prinoipales

279 2342 484 2424 quaestiones
518 2343 552 2408 iu
581 2347 739 2423 pru'ooz'pio
766 2361 990 2428 praeeerpere,
1021 2344 1079 2409 sed
1107 2364 1282 2429 praeoursu
1309 2348 1377 2411 solo

226 2471 233 2483 ·
279 2457 375 2534 atque
401 2457 501 2535 tastu,
524 2473 587 2517 non
614 2459 650 2516 ut
674 2452 719 2517 'de
744 2452 795 2516 his
824 2455 934 2536 quaeri
952 2454 1113 2538 videatur,
1135 2455 1293 2538 quomodo
1318 2453 1377 2539 liro

172 2619 174 2623 .
281 2562 397 2626 Flaooo
416 2568 448 2626 et
466 2582 524 2644 puo
543 2562 678 2628 Fonteio
697 2563 738 2627 Μ.
757 2563 883 2628 Tullius
902 2564 983 2625 nihil
1002 2570 1060 2644 ogi
1076 2567 1136 2628 illo
1155 2569 1289 2640 iudicio,
1312 2569 1379 2627 atsi

279 2681 314 2733 at
340 2676 551 2750 magistratus
580 2677 612 2734 ia
632 2677 805 2752 provinciis
834 2693 895 2734 aaa
922 2678 1063 2736 audeant
1085 2679 1241 2755 imperare
1267 2681 1375 2750 sociis,

280 2787 364 2863 qood
381 2802 418 2844 ex
435 2803 495 2844 usu
513 2782 709 2863 reipublicae
727 2787 804 2844 sit.“

363 2892 402 2957 Id
422 2893 636 2973 fragmentum
655 2913 727 2957 oum
744 2893 830 2958 idem
854 2915 892 2958 eo
911 2893 1108 2977 exprimatur
1129 2915 1169 2959 ae
1186 2896 1301 2979 eapitis
1326 2896 1376 2960 III

247 3085 249 3090 ,
278 3004 307 3081 ξ.
327 3007 344 3065 7
371 3003 473 3085 partis
495 3003 650 3068 orationis
667 3003 703 3066 in
721 3003 811 3068 oodd.
828 3006 953 3086 vulgar.
973 3009 1135 3069 semotae:
1161 3003 1376 3084 „Dubitabitis

280 3112 386 3194 etiam,
404 3112 479 3194 quin
501 3111 593 3194 illud,
610 3112 695 3195 quod
713 3117 805 3176 initio
822 3113 914 3179 vobis
930 3114 1092 3196 proposui,
1108 3115 1312 3180 verissimum
1325 3116 1375 3198 sit,

278 3220 368 3287 aliud
385 3241 443 3304 peu
457 3221 517 3286 hoo
533 3220 688 3287 iudioium
706 3223 788 3288 nihil
805 3225 859 3305 agi
877 3224 940 3289 nisi
957 3231 993 3288 ut
1010 3224 1051 3287 M.
1070 3223 1206 3289 Fonteio
1223 3243 1376 3307 oppresso

277 3330 470 3396 testimoniis
500 3314 627 3412 eorum,¹
655 3331 770 3416 quibus
803 3335 904 3398 multa
936 3332 1134 3415 reipublieae
1165 3352 1264 3397 eausa
1296 3334 1376 3398 invi-

213 3443 216 3450 “
278 3441 413 3506 tissimis
439 3440 599 3524 imperata
622 3448 707 3524 sunt,
736 3443 901 3524 segniores
926 3441 1060 3527 posthae
1082 3441 1126 3506 ad
1152 3443 1376 3526 imperandum

279 3551 376 3615 eeteni
402 3550 484 3615 siut“
515 3570 554 3614 ex
581 3549 640 3614 hoo
666 3551 734 3616 loeo
757 3573 862 3636 neque
885 3573 925 3617 ex
947 3552 1018 3635 ipso
1039 3552 1198 3634 prineipio
1221 3552 1376 3617 orationis

278 3658 429 3724 haustum
448 3679 519 3724 esse
538 3681 558 3725 a
576 3661 600 3724 Ι.
618 3661 746 3727 Vietoue
769 3669 861 3746 putat
880 3662 914 3728 0.
932 3662 968 3727 F.
985 3663 1035 3726 W.
1053 3658 1260 3743 Muellerw).
1303 3660 1375 3739 (lua

277 3770 427 3852 opinione
454 3769 586 3834 minime
609 3790 747 3836 moveor.
795 3770 874 3837 (lum
909 3772 994 3835 enim
1021 3771 1129 3835 Viotor
1155 3777 1284 3854 praeter
1317 3770 1378 3836 hoo

366 4021 395 4085 o)
412 4018 452 4083 11,
470 4022 491 4086 ς.
507 4027 529 4071 s.

369 4106 395 4172 1)
414 4112 476 4170 423,
497 4113 526 4158 ιο
545 4104 578 4156 H.
622 4113 623 4118 ¹

365 4192 393 4259 2)
411 4189 457 4244 cfr.
474 4187 630 4258 Philologus
648 4189 712 4254 XX,
731 4207 757 4260 p.
772 4197 829 4244 519.

350 4027 363 4072 2

350 4113 364 4157 2

347 4197 362 4245 2
