3116 4780
747 371 791 446 11

210 575 283 663 ¹erit
307 598 403 664 simul
427 604 599 682 quactum
621 597 717 664 fuerit
739 596 969 681 Hispaniarum
996 596 1152 680 condicio,
1177 595 1318 664 breviter

220 705 431 805 exponere2).

304 819 343 884 A.
362 812 477 907 676178
496 841 567 885 cum
584 853 628 866 —-
645 823 680 884 ut
698 837 796 901 supra
811 823 1091 883 commemoratum
1109 821 1158 882 est
1174 852 1218 862 -
1233 801 1323 884 Fon-¹

220 929 306 996 teius
331 929 419 995 haud
445 929 542 996 dubie
569 929 604 995 in
625 917 816 994 Macedonia
837 926 895 993 sub
918 928 1017 1013 Appii
1035 927 1162 994 Claudii
1185 948 1316 1011 procon-

221 1039 301 1104 sulis
319 1041 473 1124 auspiciis
491 1040 617 1122 legatus
634 1039 739 1103 virum
756 1039 804 1104 rei
822 1038 972 1104 militaris
995 1037 1225 1120 peritissimum
1244 1058 1316 1106 sese

219 1155 400 1232 praestaret
419 1155 450 1215 et
465 1149 658 1215 Macedones
673 1170 693 1214 a
708 1149 867 1215 Thracum
886 1146 1189 1231 depopulationibus
1206 1148 1315 1214 delen-

220 1260 323 1343 deret,
350 1261 386 1324 L.
408 1259 548 1325 Manlius
570 1260 761 1343 proconsule
782 1259 923 1324 Galliam
945 1256 1188 1323 Narbonensem
1215 1258 1316 1323 admi·

220 1369 379 1435 nistravit.
422 1367 487 1435 Sed
514 1391 587 1436 eum
614 1389 718 1453 neque
743 1367 819 1434 beni
845 1387 948 1450 neque
971 1367 1093 1433 strenui
1111 1367 1316 1452 imperatoris

219 1478 348 1545 laudem
366 1499 489 1546 merere
508 1481 580 1545 luce
603 1480 722 1545 clarius
740 1483 797 1543 est.
840 1478 925 1542 Nam
947 1497 1017 1542 cum
1036 1477 1072 1556 Q.
1089 1479 1233 1560 Metello,
1261 1482 1315 1562 qui

188 1615 191 1622 ·
219 1589 295 1655 inde
324 1588 366 1654 ab
395 1610 425 1654 a.
452 1581 566 1676 675179
593 1591 628 1655 in
655 1589 813 1672 Hispania
845 1595 954 1654 eontra
979 1586 1155 1653 Sertorium
1183 1571 1316 1673 eiusque

220 1701 329 1785 copias
346 1699 467 1766 bellum
484 1697 629 1785 gerebat,
657 1700 779 1764 auxilio
802 1694 974 1782 veniretil,
1002 1696 1091 1762 brevi
1117 1698 1314 1786 factumest,

220 1816 256 1876 ut
273 1830 294 1875 a
312 1811 348 1875 L.
365 1809 533 1892 Hirtuleio,
551 1808 684 1875 Sertorii
701 1814 881 1892 quaestore,
900 1806 1174 1890 devinceretur⁴)‚
1194 1815 1225 1874 et
1243 1830 1314 1875 cum

220 1920 361 1987 Galliam
390 1925 539 2002 repetens
565 1919 773 2002 Aquitaniam
808 1918 1099 2001 transgrederetur,
1134 1923 1199 1982 tam
1230 1922 1315 1986 mals

219 2031 377 2114 pugnavit
395 2033 504 2096 contra
524 2029 594 2095 eius
610 2036 716 2095 terrae
733 2030 869 2112 incolas,
892 2033 928 2093 ut
945 2047 1016 2092 oum
1033 2027 1146 2110 paucis
1163 2029 1263 2112 copiis
1281 2029 1314 2096 in

219 2140 418 2224 provinciam
444 2159 536 2204 suam
562 2135 734 2221 rediret5).
775 2138 888 2220 Neque
915 2142 1021 2202 utrum
1048 2137 1117 2201 iure
1143 2158 1172 2203 a.
1198 2131 1313 2227 676178

218 2249 300 2316 haec
317 2250 403 2314 iacta
430 2269 501 2315 esse
526 2254 674 2332 putemus
695 2269 796 2315 necne
818 2245 959 2314 dubitari
975 2253 1089 2330 potest.
1132 2247 1211 2314 Cum
1229 2251 1314 2315 enim

219 2364 356 2443 constet,
375 2359 539 2425 Metellum
553 2364 642 2424 -et
660 2379 735 2424 eum
753 2380 782 2424 a.
797 2348 911 2444 675179
930 2358 1032 2423 Roma
1049 2358 1225 2440 proiectum
1243 2381 1314 2427 esse

217 2471 314 2552 vulgo
332 2468 472 2534 creditur
484 2503 528 2515 —-
542 2471 651 2535 statim
667 2467 711 2534 ab
728 2469 872 2534 adventu
888 2468 923 2533 in
936 2468 1127 2551 Hispaniam
1144 2488 1212 2534 rem
1228 2470 1313 2536 male

218 2584 328 2646 contra
356 2578 532 2645 Sertorium
558 2580 710 2665 gessisse,
741 2580 797 2645 vix
827 2599 946 2644 annum
979 2578 1201 2644 intercessisse
1228 2586 1313 2664 pulc,

218 2688 295 2771 quin
312 2689 470 2754 auxilium
488 2710 509 2755 a
523 2690 644 2756 Manlio
659 2695 792 2774 peteret.
819 2689 994 2754 Praeterea
1010 2688 1144 2753 maximi
1161 2690 1314 2754 momenti

217 2817 289 2872 6666
313 2803 407 2882 puto,
434 2798 517 2882 quod
546 2819 584 2864 66
611 2799 881 2882 Livii-epitomes
903 2797 961 2864 ΟΧ
988 2799 1071 2880 1666,
1099 2816 1193 2879 quem
1218 2797 1313 2864 modo

286 3019 314 3084 2)
331 3016 440 3069 Praeter
450 3021 552 3070 veteres
563 3021 696 3080 auctores,
710 3013 829 3083 inprimis
838 3013 1001 3080 Sallustium,
1014 3011 1198 3079 Plutarchum,
1212 3014 1310 3082 Appia-

216 3117 280 3156 num
297 3100 325 3153 16
343 3100 517 3156 describendo
535 3101 598 3155 belli
612 3100 758 3155 Sertoriani
775 3104 893 3168 tempore
911 3113 975 3152 usus
993 3114 1050 3152 sum
1064 3099 1227 3154 Mommseno
1246 3099 1275 3168 (l.
1290 3115 1312 3152 6.

216 3185 270 3250 ΙΙΙ,
297 3201 321 3253 p.
341 3193 371 3238 29
392 3187 470 3254 sqq),
498 3187 593 3240 Petere
611 3183 783 3257 (6666616166
806 3183 899 3249 Roms,
927 3184 1004 3237 Helle
1025 3193 1103 3250 1870,
1131 3193 1153 3236 3.
1171 3185 1252 3249 Auli,
1276 3184 1311 3249 11,

216 3286 241 3339 p.
261 3279 308 3324 142
325 3271 405 3338 sqq),
423 3270 525 3338 Lengio
548 3270 686 3340 (16111,
710 3288 736 3338 p.
756 3279 803 3324 173
820 3284 869 3337 sq,
889 3279 945 3325 178.
965 3272 1034 3338 183).
1069 3269 1254 3333 6616661616,
1278 3285 1311 3322 66

215 3355 311 3429 longus
329 3356 379 3408 sim
397 3370 442 3410 666
460 3361 562 3410 tantum
575 3362 693 3410 veterum
706 3356 779 3410 16666
797 3356 846 3410 sim
862 3356 1000 3419 citaturus,
1020 3355 1065 3422 qui
1083 3355 1176 3408 adres
1196 3353 1312 3408 Gallicas

216 3446 347 3510 spectant,
374 3441 452 3495 liceat
475 3439 539 3496 mihi
561 3443 595 3496 ad
618 3441 713 3510 Langii
736 3442 831 3496 librum
856 3441 992 3508 delegere,
1020 3440 1065 3508 qui
1087 3455 1176 3493 omnes
1194 3445 1311 3493 veterum

217 3525 374 3594 scriptorum
390 3526 469 3592 locos,
489 3526 533 3594 qui
552 3525 586 3580 ad
603 3526 648 3579 ille
665 3533 784 3596 tempora
801 3527 944 3595 pertinent,
963 3526 1104 3580 annotavit

286 3612 315 3678 3)
332 3611 379 3665 cfr.
395 3611 464 3666 Plut.
481 3611 547 3686 Sert
566 3621 606 3665 12.

219 3743 221 3748 .
286 3699 313 3766 4)
330 3695 376 3749 eir.
399 3695 455 3749 Liv.
480 3696 540 3764 epit.
562 3695 625 3749 XC:
654 3697 676 3763 Q
699 3697 832 3750 Sertorius
858 3697 886 3750 in
912 3697 1037 3750 ulteriore
1063 3694 1192 3763 Hispania
1217 3696 1311 3762 ingens

217 3781 318 3836 bellum
335 3780 465 3834 excitavit.
499 3780 530 3833 L.
548 3780 662 3834 Manlius
679 3781 820 3848 proconsul
838 3787 866 3832 et
883 3781 913 3834 L.
930 3782 1064 3836 Domitius
1080 3781 1184 3848 legatus
1202 3780 1235 3832 ab
1249 3781 1310 3834 Hir-

214 3865 297 3919 tuleio
316 3870 455 3932 quaestore
473 3866 574 3932 proelio
592 3866 653 3919 victi
671 3872 738 3920 sunt.

286 3953 314 4018 6)
332 3949 408 4004 Caes.
426 3949 449 4001 b.
468 3948 499 4002 G.
518 3949 570 4015 ΙΠ,
590 3959 635 4003 20:
662 3951 728 4004 Cum
751 3951 779 4005 in
800 3950 970 4019 Aquitaniam
988 3949 1103 4004 venisset
1126 3948 1166 4016 [P.
1185 3949 1309 4018 Crassus]

217 4041 244 4088 et
260 4034 438 4102 intellegeret,
456 4034 484 4087 in
501 4035 533 4088 iis
551 4035 615 4089 locis
628 4035 679 4089 sibi
693 4037 791 4090 bellum
806 4035 963 4103 gerendum,
982 4034 1029 4089 ubi
1047 4033 1139 4102 paucis
1156 4040 1217 4086 ante
1235 4033 1311 4088 annis

217 4120 249 4174 L.
266 4118 372 4172 Mallius
389 4119 531 4188 proconsul
552 4121 745 4188 impedimentis
763 4121 866 4176 amissis
888 4120 1060 4189 profugisset,
1083 4133 1136 4172 non
1153 4117 1311 4172 mediocrem

216 4203 267 4258 sibi
284 4202 446 4272 diligentiam
464 4205 640 4260 adhibendam
656 4207 836 4276 intellegebat
870 4207 945 4262 Oros.
963 4205 997 4271 V,
1016 4215 1055 4261 aa.
