3116 4780
671 363 944 480 ΔΞ.

212 587 426 670 fragmentum
445 587 509 653 duo
530 586 596 653 alie
613 590 787 656 memoriae
805 588 987 670 tradiderit,
1006 601 1088 670 quoe
1106 602 1146 653 ex
1162 587 1307 672 partitus
1346 580 1350 587 ’

212 696 413 764 Fonteianae
434 718 498 764 non
517 699 582 763 iam
601 701 738 765 servatis
756 699 944 784 deprompta
962 705 1050 781 sunt,
1074 699 1150 782 quin
1174 717 1213 764 ex
1231 702 1307 761 iate·

212 827 276 887 gra
303 808 448 874 oratione
476 810 628 892 petiverit
656 815 732 876 non'
748 798 797 876 est
823 809 1044 876 dubitandum.
1087 805 1152 874 Sed
1180 811 1306 876 etiamsi

180 993 187 1006 ,
211 933 324 984 verum
342 925 436 1003 esset,
454 919 538 1002 quod
556 918 692 1008 obtinuit
710 921 853 1004 Mueller,
870 942 935 986 non
952 919 1156 1004 haberemus,
1179 939 1234 986 eur
1253 920 1307 986 do-

212 1029 360 1094 leremus.
411 1029 496 1094 Nam
523 1051 561 1096 eo
586 1030 715 1095 iaoilius
740 1030 796 1096 illo
822 1030 1001 1114 fragmento
1033 1047 1192 1114 caremus,
1223 1029 1307 1114 quod

213 1131 325 1204 eodem
346 1138 545 1206 Fonteianne
571 1141 659 1223 looo,
686 1160 749 1224 quo
766 1140 902 1205 Mueller
919 1139 1100 1206 eonfirmari
1117 1145 1224 1223 putat,
1249 1137 1308 1207 Iul.

212 1248 372 1315 Victorem
392 1270 453 1315 non
473 1270 513 1314 ox
529 1250 685 1334 prineipio
703 1251 871 1334 petivisse,
893 1249 1146 1315 insolentissime
1166 1267 1307 1336 compro·

212 1357 319 1442 betur,
348 1359 535 1426 Ciceronem
563 1357 590 1423 si
608 1374 673 1424 non
689 1360 814 1442 iisdem,
832 1368 866 1425 at
884 1358 1043 1424 similibus
1060 1358 1169 1424 verbis
1185 1361 1219 1426 ln
1236 1382 1307 1445 pro-

211 1468 315 1534 oe‘mio
332 1469 532 1553 exposuisse,
556 1469 636 1535 nihil
659 1471 713 1553 agi
731 1463 787 1537 illo
804 1470 938 1554 iudidio,
960 1469 1023 1534 nisi
1047 1474 1082 1533 ut
1098 1469 1308 1552 magistratus

171 1645 174 1651 ,
211 1578 246 1644 in
263 1579 528 1662 provintiisnon
554 1580 710 1646 auderent
737 1582 913 1665 imperare,
938 1579 1023 1662 quod
1049 1599 1089 1644 ex
1116 1599 1177 1646 usu
1202 1583 1307 1666 reipu-

211 1686 315 1753 blioae
331 1695 426 1756 esset.

296 1797 365 1864 Nee
382 1814 444 1882 quo
462 1801 591 1868 vinonio
609 1779 669 1867 ¹troo
679 1802 894 1884 fragmentum
913 1817 985 1866 eum
1003 1819 1054 1883 eo,
1073 1800 1157 1882 qnod
1170 1801 1307 1884 primum

212 1908 289 1992 teni,
316 1901 499 1995 cohaereat,
526 1911 661 1978 diffieile
688 1917 736 1977 est
763 1910 860 1976 dioto.
902 1911 945 1978 Ut
963 1911 1049 1975 enim
1071 1909 1178 1993 priore
1196 1911 1308 1979 (iioero

213 2023 386 2098 generatim
403 2028 500 2104 atoue
518 2026 662 2113 univerae
678 2023 820 2105 loquitur
845 2021 886 2086 de
908 1999 1171 2086 dissimilitudine
1190 2041 1310 2090 pausae

213 2127 323 2194 Verris
347 2135 379 2195 et
395 2128 535 2215 Fonteii,
565 2132 612 2197 sie
634 2133 775 2198 seeundo
797 2133 986 2212 singulatim
1007 2129 1168 2213 explieare
1189 2131 1308 2220 insipit,

214 2253 270 2300 ear
295 2240 373 2306 illae
394 2253 513 2308 oausae
533 2242 706 2308 dissimiles
733 2243 806 2308 sint.
858 2243 917 2306 llio
944 2239 1031 2306 enim
1054 2240 1174 2306 iudieio
1201 2251 1307 2309 aetum

74 2423 83 2445 .
212 2369 298 2434 esse,
325 2358 360 2417 ut
377 2352 478 2419 Verre
499 2352 651 2419 damnato
668 2353 702 2418 in
719 2357 883 2436 posterum
900 2358 1027 2434 tempus
1044 2355 1250 2434 prononsules
1277 2361 1309 2420 et

210 2467 435 2546 propraetores
452 2463 589 2528 Romani
612 2462 798 2529 desinerent
815 2476 914 2527 arare
931 2479 970 2526 ae
992 2460 1164 2527 erudeliter
1181 2464 1308 2546 provin·
1361 2486 1366 2495 ’

210 2572 279 2637 nias
297 2572 540 2657 administrare,
567 2572 627 2639 hoo
648 2573 729 2638 nihil
752 2572 842 2638 aliud
859 2572 929 2656 agi,
953 2570 1017 2637 nisi
1039 2577 1075 2637 ut
1096 2572 1309 2640 condemnato
1380 2611 1382 2616 ,

210 2681 346 2748 Fonteio
364 2683 573 2764 magistratus
595 2685 630 2750 in
652 2683 827 2768 provinoils
845 2682 1009 2766 segniores
1025 2681 1159 2766 posthae
1184 2682 1227 2747 ad
1249 2683 1307 2748 im-

209 2792 388 2874 perandum
407 2793 480 2859 sint.

295 2901 364 2966 Hoo
387 2901 482 2967 modo
508 2901 619 2968 Verris
645 2907 677 2967 et
695 2900 822 2966 Fonteii
849 2915 980 2966 oausam
1004 2897 1170 2966 eonferens
1196 2898 1308 2968 Oioero

210 3010 290 3076 mihi
316 3012 414 3078 etiam
438 3010 479 3077 de
505 3009 687 3077 hominibus
719 3010 848 3075 videtur·
871 3010 1001 3076 uberius
1032 3009 1166 3092 dixisse,
1196 3011 1308 3093 quiin
1344 3097 1346 3102 Ι

211 3127 345 3204 utroque
373 3123 492 3188 iudicio
516 3121 702 3206 prodierint.
750 3120 836 3184 Ante
859 3139 969 3185 omnes
990 3123 1097 3184 autem
1120 3133 1193 3184 eum
1225 3133 1307 3186 oom-

209 3250 345 3315 parasse
362 3240 440 3315 puto
457 3231 598 3314 Verrem,
615 3229 777 3296 hominem
795 3230 954 3295 netarium
973 3244 1012 3294 ae
1029 3231 1219 3295 sceleratum
1237 3249 1307 3296 oum

211 3339 346 3406 Fonteio
375 3335 494 3406 iniuste
522 3345 685 3424 atousato,
715 3345 783 3406 tum
811 3361 846 3405 se
873 3341 992 3422 ipsum,
1022 3339 1076 3422 qui
1103 3340 1308 3408 innoeentiae

210 3453 306 3530 atque
331 3447 527 3530 integritatis
553 3449 651 3515 laude
673 3450 811 3532 insignis
835 3450 968 3514 Verrem
996 3450 1208 3532 aeousaverit,
1235 3471 1307 3516 oum

210 3555 381 3642 Plaetorio,
399 3565 586 3626 accusatore
602 3559 746 3642 maligno
764 3579 803 3623 ao
820 3558 990 3623 malitioso.
1024 3558 1094 3622 Neo
1110 3579 1186 3624 vero
1205 3561 1307 3625 solum

210 3665 389 3750 publicam,
421 3671 600 3735 sedetiam
625 3670 785 3753 privatam
811 3668 965 3733 Plaetorii
991 3667 1093 3732 vitam
1119 3665 1306 3734 Oioeronem

210 3775 436 3859 perstrinxisse
447 3785 479 3846 et
490 3781 667 3863 eastigasse
678 3797 718 3844 ex
726 3778 906 3861 fragmento
915 3775 1306 3861 apudQuintilianum³³)

211 3892 339 3952 seruato
358 3891 475 3974 eluoet,
493 3911 556 3975 quo
572 3892 660 3955 mala
677 3890 764 3955 fama
781 3888 935 3954 Plaetorii
952 3888 1066 3954 matris
1082 3907 1307 3954 commemora-

211 4000 263 4060 tur
286 3997 432 4083 quodque
455 4000 510 4066 vix
531 4021 571 4066 ex
591 4000 659 4066 alia
685 3999 832 4084 integrae
849 3997 1004 4066 orationis
1021 3997 1121 4083 parte
1139 3997 1306 4080 depromp-

211 4131 423 4142 ——..-.-

281 4196 399 4265 23)V1,
419 4207 445 4265 o,
465 4207 505 4254 51.
