3116 4780
654 383 679 460 3

576 489 745 498 ——----—

111 603 200 683 quod
214 605 349 689 saepius
358 606 562 673 triumviratu
571 608 675 691 primo
687 627 819 673 munere
829 608 956 674 innotos
969 627 1041 674 esse
1051 610 1213 676 Romanos

111 711 146 775 P.
165 712 276 780 Ovidii
295 717 496 802 aliorumque
514 719 659 801 exemplo
677 714 949 801 confirmatum).

200 823 282 890 Cum
302 833 411 892 autem
430 829 540 911 plures
554 827 682 893 Fonteii
699 834 842 912 tempore
859 828 1068 910 magistratus
1084 831 1212 919 fuerint,

110 932 231 1014 quibus
258 937 411 1018 gerendis
437 938 596 1012 triumviri
624 939 727 1004 oreari
754 937 914 1023 solebant,
940 958 980 1003 ea
1006 947 1114 1006 autem
1135 962 1212 1026 pars

111 1043 286 1131 orationis,
312 1066 375 1129 qua
393 1045 503 1132 Oieero
525 1047 684 1114 triumviri
701 1048 830 1114 Fonteii
853 1049 987 1115 erimina
1004 1049 1129 1116 diluere
1147 1038 1210 1117 stu-

110 1149 196 1235 duit,
223 1160 293 1222 tota
315 1155 458 1241 perierit,
485 1156 672 1243 ambigitur,
699 1178 761 1243 quo
789 1158 993 1224 triumviratu
1019 1160 1146 1226 innotus
1170 1161 1211 1226 sit

110 1259 278 1330 Fonteius.
322 1266 427 1350 Atque
442 1266 503 1333 hoe
519 1267 562 1332 ab
578 1268 671 1333 initio
689 1268 861 1334 dioendum
885 1274 947 1350 est,
969 1274 1100 1352 propter
1117 1289 1211 1353 peeu-

108 1370 186 1437 niae
204 1377 414 1460 mentionem,
440 1379 492 1458 ,in
514 1397 578 1460 qua
595 1377 738 1442 maxima
755 1378 926 1443 traotanda
946 1380 1211 1463 proeurandaque

109 1490 264 1550 versatus
286 1486 328 1550 sit
345 1486 531 1570 Fonteius“,
557 1471 662 1570 neque
688 1489 729 1554 de
754 1488 958 1553 triumviratu
986 1490 1118 1572 capitali
1145 1489 1210 1574 (vel

109 1593 292 1679 nocturno),
313 1579 418 1679 neque
436 1596 477 1661 de
495 1596 569 1662 aliis
586 1597 682 1663 huius
705 1598 845 1663 nominis
863 1598 1105 1680 magistratibus
1127 1602 1210 1682 eogi-

109 1702 174 1765 tari
193 1722 290 1786 posse
310 1706 452 1790 exeeptis
474 1707 593 1772 tribus:
620 1708 824 1774 triumviratu
852 1708 986 1780 ooloniis
1012 1708 1210 1775 deduoendis

110 1816 143 1873 et
178 1814 383 1881 triumviratu
417 1817 504 1898 agris
538 1816 657 1882 dandis
696 1816 903 1898 assignandis
938 1823 971 1881 et
1005 1818 1210 1883 triumviratu

109 1926 276 1990 monetali.
985 1904 1012 1930 ⁷

197 2034 302 2100 Probe
325 2035 385 2099 hoo
407 2037 572 2121 perspexit
588 2037 624 2101 B.
643 2037 680 2101 G.
698 2035 915 2119 Niebuhrius,
937 2057 1009 2102 eum
1035 2038 1098 2102 tria
1125 2059 1209 2105 nova

109 2144 269 2210 orationis
297 2165 355 2229 pro
380 2146 515 2214 Fonteio
541 2148 723 2240 fragmenta
750 2166 770 2210 a
797 2167 832 2212 se
856 2148 892 2212 in
918 2148 1027 2212 oodiee
1054 2149 1208 2232 reseripto
1308 2185 1310 2192 ,

109 2249 325 2321 bibliotheoae
353 2256 531 2322 Vatioanae
563 2251 694 2322 inventa
726 2263 757 2321 et
787 2253 1023 2322 eommentariis
1053 2257 1209 2323 instruota

110 2361 223 2430 ederet
236 2363 296 2448 12).
341 2365 403 2445 Qui
430 2367 614 2433 doctissime
640 2367 674 2431 in
699 2373 868 2448 utramque
892 2372 1017 2449 partem
1039 2366 1210 2451 disputans

108 2469 191 2538 haee
205 2476 273 2542 iere
287 2477 386 2543 dixit:
408 2477 481 2543 Non
500 2478 704 2562 perspiouum
722 2496 793 2542 esse
811 2495 920 2560 posse,
938 2481 1044 2541 utrum
1062 2477 1209 2541 triumvir

108 2587 282 2652 monetalis
306 2607 349 2652 an
375 2588 509 2653 ooloniis
531 2587 729 2653 dedueendis
750 2586 866 2650 fuisset
882 2585 1050 2670 Fonteius,
1077 2605 1153 2650 nam
1172 2588 1207 2652 in

107 2697 249 2773 peounia
274 2697 416 2761 maxima
441 2696 610 2762 tractanda
632 2695 897 2779 proour'andaque
919 2700 1089 2777 utrumque
1106 2697 1207 2777 magi-

108 2808 247 2870 stratum
264 2812 427 2872 versatum
449 2826 529 2870 esse.
572 2805 772 2870 Triumviros
798 2810 906 2868 autem
933 2804 990 2868 ool.
1016 2804 1089 2870 ded.
1113 2825 1208 2886 agros

108 2911 257 2993 publieos
274 2914 428 2999 vendere,
451 2915 595 3000 privatos
618 2934 724 2980 emere
750 2913 861 2978 solitos
882 2932 962 2978 esse.
1006 2914 1047 2978 Et
1063 2913 1204 2997 proieeto
1280 2987 1284 2995 ⁸

108 3022 276 3103 probabile
295 3045 366 3092 esse
384 3026 420 3090 L.
439 3025 574 3090 Cinnam
601 3061 644 3070 -—
671 3023 741 3089 eius
767 3023 852 3087 enim
881 3028 913 3086 et
939 3021 1034 3088 Marii
1061 3029 1202 3107 tempore

108 3132 310 3200 triumvirum
328 3134 428 3200 fuisse
445 3135 615 3200 Fonteium
634 3136 703 3200 iure
720 3138 813 3216 putat
838 3168 882 3178 —
908 3132 963 3196 illo
987 3125 1202 3197 delenimento

91 3239 280 3326 ¹divisionis
306 3264 470 3329 agrorum,
499 3265 633 3327 quorum
662 3249 735 3328 post
766 3243 886 3308 soeiale
917 3240 1036 3306 bellum
1063 3241 1206 3306 maxima

109 3354 203 3437 eopia
226 3354 353 3439 fuisset,
380 3357 515 3420 militum
545 3362 642 3436 atque
660 3351 772 3436 'plebis
800 3352 924 3416 animos
949 3349 1009 3415 sibi
1033 3350 1205 3415 eonoiliare

108 3464 262 3548 voluisse,
288 3484 407 3547 neque,
435 3465 604 3546 quominus
630 3465 735 3545 legem
763 3461 925 3543 agrariam
941 3453 1051 3524 'latam
1073 3479 1144 3524 esse
1162 3458 1204 3523 ab

108 3572 164 3636 illo
188 3572 403 3658 erederemus,
430 3573 570 3657 obstare,
600 3572 685 3656 quod
707 3573 797 3637 nulla
819 3572 890 3636 eius
915 3570 1036 3634 mentio
1058 3569 1148 3634 fieret
1171 3569 1204 3634 in

107 3689 174 3746 tam
192 3684 309 3748 ieiunis
330 3685 418 3749 illius
440 3683 593 3766 temporis
614 3680 803 3747 annalibus:
830 3681 927 3744 etiam
950 3678 991 3744 Μ.
1006 3679 1097 3744 Bruti
1122 3680 1204 3744 oolo-
1249 3745 1251 3750 ,

179 3853 223 3918 11)
241 3851 287 3902 ct'r.
300 3850 346 3903 Ov.
360 3849 438 3902 Trist
453 3848 500 3914 IV,
516 3857 554 3911 1ο,
569 3855 600 3900 33
615 3863 665 3914 sq:
686 3847 808 3913 Cepimus
825 3851 852 3898 et
868 3852 975 3897 tenerae
993 3842 1091 3910 primos
1109 3844 1203 3897 aetatis

108 3935 230 3998 honores,
248 3935 340 4002 Deque
360 3935 422 3987 viris
440 3933 573 4001 quondam
590 3947 653 4000 pars
670 3931 755 3984 tribus
773 3946 826 3982 una
843 3929 888 3983 sui.

179 4021 222 4086 12)
239 4019 275 4070 M.
290 4017 374 4072 Tullii
388 4019 522 4073 Ciceronis
537 4019 685 4072 orationum
702 4031 751 4084 pro
764 4014 798 4066 M.
813 4015 925 4068 Fonteio
943 4020 972 4066 ot
987 4027 1035 4079 pro
1051 4012 1080 4065 C.
1094 4011 1203 4065 Rabirio

105 4106 255 4171 fragmenta
278 4118 301 4154 e,
316 4112 333 4156 t.
348 4120 368 4157 c.
391 4119 424 4156 ex
446 4104 606 4158 membranis
631 4101 807 4156 bibliothecae
825 4098 972 4151 Vaticanae
995 4097 1078 4161 edita,
1102 4097 1202 4150 Romae

108 4199 182 4256 raro,
201 4205 225 4257 p.
242 4197 281 4240 rr.

957 4269 992 4320 1*
