3116 4780
747 319 916 434 ja

285 540 448 623 Iudithao,
479 540 557 626 lobi,
588 541 733 607 Estheris
762 537 900 625 libros⁸l
930 563 1015 608 nono
1045 541 1114 607 fere
1142 545 1215 624 post
1244 537 1315 607 chr.
1351 559 1383 605 n

285 653 414 717 saeeulo
432 649 616 736 {seriptostl
644 654 783 720 eontinet
809 660 957 737 totusque
983 672 1022 718 ex
1046 649 1242 716 membranis
1268 649 1404 733 polim·

284 761 402 844 psestis
421 767 556 845 oonstat,
582 762 619 827 Τ.
637 762 723 828 Livii
748 764 914 829 annalium
931 767 1145 845 fragmentum
1172 760 1383 843 invenissent,

286 877 318 935 et
341 871 437 936 oertis
455 869 661 956 (laneellarii,
684 872 819 940 Galletti
840 873 1073 956 Amadesiique
1094 869 1286 937 testimoniis
1309 889 1383 935 oon-

284 979 444 1046 firmatum
466 988 566 1065 esset,
593 989 723 1065 praeter
743 983 825 1048 illud
846 983 1020 1048 Livianum
1042 983 1257 1064 fragmentum
1283 979 1383 1045 etiam

285 1091 369 1156 alias
391 1096 535 1156 veterum
559 1092 748 1176 seriptorum
770 1093 936 1176 relliquias
958 1091 1003 1158 ibi
1026 1091 1163 1175 servari,
1186 1088 1383 1155 Niebuhrius

285 1199 426 1266 eodioem
444 1221 569 1265 summa
581 1220 657 1266 oura
675 1221 714 1266 ae
726 1201 896 1284 diligentia
908 1202 1117 1286 pertractavit
1136 1206 1169 1266 et
1185 1199 1384 1285 pervestiga-

284 1310 332 1375 vit
358 1316 390 1375 et
422 1331 461 1374 ex
493 1331 531 1376 eo
562 1331 634 1375 oum
660 1312 742 1377 alios
768 1331 869 1394 usque
895 1311 939 1376 ad
965 1312 999 1378 id
1024 1312 1151 1397 tempus
1177 1309 1384 1376 abseonditos
1457 1339 1462 1348 ·

284 1420 486 1503 antiquitatis
508 1419 675 1486 thesauros
699 1428 766 1487 tum
791 1423 854 1487 tria
868 1441 961 1491 nova
984 1424 1165 1504 fragmenta
1183 1419 1383 1486 Fonteianae

285 1530 377 1595 eruit.

370 1637 493 1716 Quibus
517 1640 706 1723 fragmentis
727 1663 921 1727 quamquam
945 1643 1047 1709 exiis
1069 1640 1242 1707 nonnullas
1263 1659 1316 1704 res
1339 1638 1384 1704 ad

284 1750 514 1815 aoeuratiorem
548 1751 760 1833 oognitionem
795 1774 913 1820 oausae
943 1753 1071 1818 Fonteii
1106 1751 1159 1818 vel
1193 1749 1384 1816 utilissimas

284 1859 450 1943 discimus,
472 1865 582 1926 tamen
600 1881 637 1928 eo
656 1862 856 1945 aliquantum
874 1863 1003 1930 honoris
1020 1860 1166 1943 dooedit,¹
1185 1859 1271 1944 quod
1293 1859 1384 1944 pagi-

187 1960 188 1964 ’
284 1989 399 2034 narum
425 1969 528 2035 titulis
556 1972 699 2036 oarentia
726 1973 827 2039 variis
854 1974 1001 2057 dispersa
1027 1971 1107 2037 loeis
1132 1971 1167 2036 in
1193 1971 1250 2037 illo
1273 1970 1384 2037 oodioe

285 2085 412 2144 exstant
420 2074 451 2162 ὅ)
463 2079 503 2144 ob
515 2100 650 2163 eamque
662 2101 793 2147 eausam
808 2103 849 2148 ne
862 2083 946 2148 inter
959 2080 1134 2165 sequidem
1148 2080 1383 2146 eontinuantur.

370 2188 543 2268 Quaeritur
561 2190 671 2275 igitur,
694 2192 851 2274 quomodo
870 2193 934 2257 sint
951 2190 1161 2275 disponenda.
1200 2190 1306 2272 Atque
1324 2188 1385 2254 hoe
1436 2212 1439 2216 ¹

284 2299 423 2383 primum
450 2306 586 2383 eonstat,
611 2321 682 2366 eum
709 2303 744 2368 in
770 2323 959 2386 unoquoque
985 2302 1027 2367 de
1054 2300 1182 2366 Fonteii
1208 2307 1394 2384 quaestura.

276 2416 416 2492 agatur,
440 2408 474 2473 in
493 2411 587 2475 tertio
606 2417 714 2476 autem
732 2412 817 2494 quod
835 2391 938 2477 voluit
959 2431 1030 2478 esse
1047 2410 1245 2476 Niebuhrius
1263 2409 1383 2492 legatio

239 2605 244 2614 Ι
285 2519 511 2602 Hispaniensis
529 2528 800 2604 commemoretur,
819 2542 902 2605 quae
915 2527 1087 2586 oonseouta
1101 2527 1150 2586 est
1167 2525 1384 2603 quaesturam,

285 2629 356 2694 iure
374 2629 404 2694 ei
421 2647 442 2692 a
458 2627 635 2696 Niebuhrio
654 2631 784 2700 tertium
801 2631 906 2696 looum
924 2629 1113 2696 attributum
1132 2648 1212 2695 esse.

371 2739 444 2804 Duo
467 2744 575 2804 autem
597 2741 722 2822 reliqua
740 2741 920 2822 fragmenta
937 2737 1147 2823 Niebuhrius,
1169 2737 1246 2820 quia
1263 2745 1329 2803 tam
1347 2740 1381 2806 in

287 2868 340 2932 ao,
366 2848 450 2930 quod
475 2848 545 2930 ipse
573 2850 748 2914 seeundum
775 2851 864 2934 feeit,
891 2869 988 2933 quam
1010 2849 1160 2915 intortio
1183 2847 1225 2913 de
1247 2847 1383 2915 testibus

178 3008 180 3013 .
285 2957 362 3022 furti
386 2963 496 3022 eontra
524 2957 565 3021 M.
588 2957 728 3023 Fonteii·
743 2949 975 3044 quaesturam,
990 2961 1024 3027 in
1050 2958 1153 3042 primo
1177 2977 1254 3023 sero
1280 2957 1322 3024 de
1348 2979 1383 3026 re

286 3068 381 3149 longe
400 3066 544 3151 diversa,
568 3067 690 3133 seilicet
712 3068 753 3133 de
776 3069 935 3134 solutione
957 3052 1189 3153 quadrantaria
1207 3068 1383 3133 seeundum

285 3177 390 3258 legem
418 3176 584 3241 Valeriam
605 3176 830 3262 dissereretur,
859 3178 905 3243 ita
932 3176 1133 3263 disponenda
1160 3197 1232 3244 esse
1258 3178 1383 3244 eensuit

285 3293 321 3351 ut
344 3287 379 3351 in
401 3286 543 3352 editione
569 3283 668 3368 suaf)
695 3286 863 3370 disposuit.
906 3286 1119 3353 Niebuhrium
1141 3288 1175 3352 in
1198 3287 1384 3370 digerendis

285 3397 351 3460 illis
381 3396 570 3478 fragmentis
601 3415 712 3462 omnes
743 3397 944 3462 Fonteianae
977 3397 1117 3462 editores
1148 3385 1282 3464 seoutos'
1311 3419 1383 3464 esse

285 3506 388 3572 video.
437 3507 478 3571 Et
505 3507 575 3590 ipse
602 3505 646 3570 ad
672 3506 761 3571 illius
796 3507 989 3572 sententiam
1022 3509 1154 3593 aoeedo,
1189 3528 1382 3592 quamquam

285 3615 378 3681 doleo
395 3635 447 3680 me
464 3636 529 3681 non
546 3616 664 3682 certius
680 3623 906 3698 argumentum
924 3617 1068 3684 invenire
1091 3638 1200 3703 posse,
1223 3639 1285 3702 quo
1309 3639 1383 3684 eam

285 3725 426 3790 fuloiam.
442 3761 486 3772 —

356 3894 385 3959 3)
404 3892 450 3945 cfr.
468 3890 597 3948 Niebuhr.
616 3893 668 3948 lc.
685 3910 714 3962 pt
726 3901 749 3945 9.

355 3980 384 4046 4)
401 3977 467 4033 ibid.
483 3995 508 4046 p.
524 3987 562 4032 12.

356 4067 384 4133 ὁ)
401 4063 447 4117 cfr.
464 4062 529 4117 ibid.
546 4079 572 4131 p.
587 4071 631 4130 22,
646 4079 671 4132 p.
687 4072 727 4117 41.

356 4152 383 4216 6)
400 4165 425 4216 p.
441 4155 559 4202 53-64.
