3116 4780
747 347 915 468 aa

161 663 163 668 Ι
283 580 352 644 ldcc
378 577 550 644 dicendum
576 585 625 644 est
651 590 810 661 quamque
835 573 1047 657 Kleinius10)
1076 576 1278 641 undecimam
1306 597 1382 643 esse

271 677 439 771 1111111111,
461 689 575 770 viginti
595 693 627 753 et
645 707 702 753 sex
719 688 799 754 iolla
817 687 966 770 continet,
984 705 1118 769 querum
1140 686 1174 752 in
1191 707 1381 770 unoquoque

284 799 368 863 duae
393 798 560 865 columnae¹
584 805 616 864 et
638 799 844 882 septuaginta
868 795 938 861 lere
959 817 1073 861 versus
1097 797 1220 861 minute
1243 796 1380 881 quidem,

284 907 342 972 sed
370 909 534 991 eleganter
562 908 671 993 scripti
703 905 918 973 inueniuntur.
971 904 1037 971 sub
1072 906 1165 971 titulo
1203 907 1382 991 ,incipiunt

282 1017 382 1083 uerba
401 1014 613 1088 Graecorum“
630 1018 759 1101 plurimi
777 1017 839 1081 loci
858 1031 898 1082 ex
912 1017 1017 1099 poetis
1034 1022 1066 1081 et
1084 1015 1292 1100 scriptoribus
1310 1039 1380 1083 cum

283 1127 484 1210 antiquitatis
502 1134 570 1192 turn
587 1145 693 1193 rerum
712 1126 1003 1192 ecclesiasticarum
1027 1137 1065 1191 eo
1086 1125 1175 1190 haud
1193 1124 1292 1191 dubie
1308 1145 1380 1192 ccu-

283 1237 357 1301 silic
383 1237 477 1302 electi
503 1243 535 1302 et
563 1235 703 1303 ordinati
727 1241 814 1319 sunt,
841 1241 876 1300 nt
898 1235 952 1300 vel
977 1241 1151 1319 praecepta
1174 1234 1215 1300 dc
1239 1235 1381 1302 moribus

283 1348 335 1412 vel
354 1359 534 1431 synonyma
558 1346 828 1412 continuarentur.

368 1459 560 1541 Plerumque
579 1457 627 1522 illi
646 1453 708 1522 loci
726 1455 838 1521 eodem
857 1454 968 1534 ordine
987 1455 1135 1539 dispositi
1154 1462 1240 1540 sunt,
1264 1473 1325 1548 quo
1347 1457 1399 1526 111,

284 1577 323 1633 eo
351 1567 445 1651 libro,
473 1568 558 1632 unde
584 1566 764 1650 deprompti
791 1570 896 1650 erant,
924 1564 1158 1650 sequebantur,
1180 1566 1381 1649 eundemque

284 1697 404 1742 morem
422 1675 589 1743 librarium
608 1695 756 1742 servasse
775 1675 954 1758 gaudemus
977 1675 1011 1740 in
1027 1675 1217 1742 ordinandis
1234 1675 1275 1740 iis
1292 1678 1381 1762 locis',

284 1786 339 1869 qui
363 1786 432 1852 Fal.
458 1791 505 1851 15.
528 1805 557 1852 1.
579 1788 639 1851 cel.
661 1790 680 1850 2
704 1797 770 1868 sqq.
791 1785 993 1877 continentur
1016 1785 1133 1868 quique
1155 1787 1316 1869 pertinent
1337 1785 1381 1853 ud

284 1896 449 1968 Ciceronis
459 1897 637 1963 oraticnem
647 1896 682 1960 in
691 1896 806 1979 Piscn,
818 1895 861 1960 ad
871 1894 942 1959 libr.
953 1893 993 1958 de
1003 1894 1155 1959 Inventi
1168 1896 1195 1974 ξ.
1205 1899 1381 1981 tea—167,

285 2005 328 2070 ad
355 2005 484 2071 Rhctcr.
509 2006 552 2070 ad
577 2005 755 2070 Hemnnt
782 2005 811 2084 9.
830 2008 879 2086 31,
909 2004 952 2068 ad
969 2009 1048 2069 crat.
1075 2023 1121 2088 pr.
1147 2003 1297 2090 Fonteio,
1323 2019 1381 2092 pro

284 2115 416 2199 Flacco,
434 2115 477 2180 ad
494 2114 692 2199 Philippicas
711 2109 994 2198 etparadcxa11).

371 2225 464 2304 Quod
482 2225 525 2290 ad
541 2225 663 2291 fontem
681 2223 834 2308 pertinet,
859 2243 899 2288 ex
920 2217 982 2306 quc
1006 2224 1186 2307 fragmenta
1206 2231 1381 2290 orationum

178 2392 181 2398 ,
286 2335 450 2402 Ciceronis
468 2336 502 2401 in
520 2334 639 2402 (lodice
657 2334 785 2401 Ousanc
803 2333 936 2400 inuenta
953 2328 1070 2399 hausta
1093 2340 1180 2418 sunt,
1205 2336 1314 2419 plures
1341 2337 1380 2403 cb

285 2465 410 2530 causas,
428 2464 509 2529 quas
526 2445 579 2512 hic
596 2462 755 2529 exponere
773 2445 903 2526 longum
922 2440 1046 2528 est12),
1070 2450 1194 2511 constet
1216 2464 1257 2512 ea
1279 2449 1381 2531 petita
1469 2519 1475 2530 ,

286 2575 357 2622 esse
381 2576 421 2621 ex
444 2556 553 2622 codice
570 2552 727 2621 Vaticano
745 2555 783 2619 Η.
808 2559 858 2637 25,
879 2555 920 2620 de
943 2573 1005 2637 quo
1029 2555 1095 2620 iam
1118 2574 1216 2639 supra
1239 2558 1382 2644 exposui,

284 2666 509 2750 librariosque,
527 2666 580 2749 qui
597 2666 655 2730 illa
673 2665 854 2748 fragmenta
871 2665 1008 2748 collegit,
1022 2683 1064 2730 ec
1078 2664 1189 2730 codiee
1202 2671 1268 2732 tcto
1286 2673 1382 2750 atque

285 2777 410 2859 integre
428 2797 507 2842 usus
525 2783 582 2842 est.
1161 2787 1165 2796 '

371 2887 533 2954 Orationis
551 2902 608 2969 pru
626 2883 761 2949 Fonteio
784 2881 864 2968 (iam
887 2873 972 2950 enim
990 2884 1034 2949 ad
1051 2895 1123 2950 eam
1146 2885 1225 2951 mihi
1246 2888 1382 2954 redeun-

285 2997 361 3061 dum
386 2994 448 3078 est)
470 2997 503 3061 in
527 2995 644 3062 (lodice
666 2993 795 3060 Ousauc
819 2994 933 3077 viginti
961 3002 993 3060 ct
1018 3015 1117 3060 unum
1148 2987 1277 3062 omnino
1297 2998 1382 3080 frag-

286 3109 394 3171 menta
423 3111 553 3172 servata
580 3110 662 3170 sunt.
714 3102 820 3186 Atque
847 3103 881 3169 id
907 3105 1026 3189 ipsum,
1052 3105 1137 3188 quod
1169 3106 1243 3188 quis
1272 3107 1382 3174 dolere

284 3216 398 3300 possit,
421 3215 587 3280 librarium
609 3217 759 3295 quattuor
782 3226 891 3280 eorum
915 3213 1118 3298 expertibus
1139 3216 1294 3282 orationis
1315 3218 1381 3282 iam

286 3331 362 3392 ante
386 3344 415 3389 a.
440 3327 521 3390 1866
539 3322 711 3407 publicatis
734 3323 902 3407 petivisse,
924 3331 1160 3408 peropportune
1183 3327 1383 3394 estfactum.

286 3436 366 3502 Cum
385 3434 469 3500 enim
488 3434 550 3499 tria
568 3434 749 3515 fragmenta
767 3431 910 3516 Cusana,
926 3453 1009 3518 quae
1027 3435 1141 3500 ultima
1159 3443 1232 3524 sunt
1250 3434 1313 3520 (19.
1332 3441 1382 3503 21).

287 3543 341 3627 21)
367 3543 480 3609 ecdem
503 3543 616 3608 ordine
639 3542 673 3606 in
696 3542 805 3608 codice
822 3543 925 3609 Vatic.
940 3545 1147 3610 inveniantur
1170 3543 1218 3628 (in
1235 3545 1382 3611 editioni·

286 3653 346 3718 bus
364 3654 405 3733 ἓξ
424 3657 474 3717 32.
492 3648 557 3739 [22]
576 3658 625 3717 40.
644 3647 708 3737 [30]
720 3656 769 3716 49.
788 3649 876 3738 [39]),
894 3674 956 3736 quc
974 3655 1095 3738 scripta
1113 3661 1188 3720 sunt
1205 3654 1239 3719 in
1253 3654 1382 3722 Ousauo

232 3854 234 3859 .
286 3762 326 3829 cb
347 3783 481 3846 eamque
505 3782 635 3828 causam
661 3767 776 3845 putere
800 3763 911 3845 liceat,
939 3747 1042 3827 cacia
1067 3765 1101 3829 in
1123 3764 1234 3830 codice
1252 3763 1381 3831 Gusanc

286 3949 289 3958 Δ
357 3933 401 3998 1ο)
419 3929 435 3982 l.
448 3945 470 3982 c.
488 3946 513 3996 p.
530 3937 560 3982 13
576 3943 631 3993 sqq.
932 3989 935 3995 ,

358 4018 403 4083 11)
420 4014 466 4068 cfr.
480 4014 571 4067 Klein.
587 4014 604 4066 l.
618 4029 640 4066 e.
657 4028 682 4079 p.
694 4023 738 4082 56,
755 4031 781 4082 p.
795 4021 835 4066 79.

357 4101 401 4168 11)
419 4099 512 4167 delego
536 4093 791 4155 admordente.
809 4117 834 4168 p.
848 4109 880 4153 80
894 4113 949 4168 sqq.
971 4106 998 4153 et
1016 4100 1049 4153 H.
1067 4100 1178 4170 Sauppii
1199 4102 1382 4156 recensionem

287 4185 373 4240 libelli
390 4184 491 4238 Kleinii
507 4183 547 4236 in:
569 4182 710 4252 Gtttinger
728 4184 785 4238 Gel.
803 4185 913 4252 Anzeig.
929 4195 1002 4252 1866,
1020 4186 1102 4241 Stdck
1116 4197 1156 4254 40,
1174 4203 1199 4256 p.
1214 4195 1279 4241 1580
1288 4191 1344 4254 sqq.
1412 4181 1414 4186 ’
