3116 4780
782 333 832 406 44

219 569 221 576 ·
258 559 326 620 tum
344 574 417 621 esse
434 561 553 646 potest,
574 555 638 623 nisi
656 575 696 622 ex
712 555 878 640 principio.
921 553 1112 634 Quintiliani
1130 559 1239 619 autem
1256 552 1355 618 verba

258 663 340 730 haec
367 671 454 731 sunt:
479 666 649 746 ,Pervenit
673 685 725 731 res
752 660 976 750 (amphibolia)
1003 683 1104 747 usque
1130 663 1173 729 ad
1197 663 1357 747 aenigma,

259 773 354 856 quale
391 779 440 840 est
464 773 629 842 (licerouis
662 775 697 842 iu
726 776 937 857 Plaetorium,
968 773 1096 840 Fonteii
1128 779 1357 858 accusatorem,
1452 795 1457 801 ·

261 887 351 950 cuius
370 893 499 947 matrem
518 888 614 960 diois,
643 889 715 948 dam
740 888 871 947 uixisset
896 888 1019 960 tadum,
1044 894 1209 966 postquam
1232 893 1357 946 mortuo

260 1002 355 1066 essct,
386 999 559 1074 magisnec
585 995 743 1058 babuisse.
796 993 994 1062 Dicebantur
1027 1000 1136 1060 autem
1165 994 1242 1060 dum
1268 977 1387 1077 vixit'

259 1102 397 1170 infames
423 1105 563 1171 feminae
588 1105 759 1172 convenire
785 1104 830 1170 ad
856 1125 928 1172 earn
959 1104 1085 1190 solitae,
1117 1111 1190 1189 post
1221 1110 1357 1171 mortem

259 1210 344 1280 bona
362 1214 433 1280 eius
450 1211 630 1281 venibant.“

343 1324 492 1407 Denique
515 1324 613 1390 etiam
640 1324 681 1391 de
699 1324 830 1386 testibus
853 1325 888 1391 in
905 1324 1090 1410 Fonteium,
1116 1325 1158 1391 de
1185 1325 1300 1410 quibus
1322 1325 1357 1392 in

259 1434 436 1517 posteriore
455 1433 610 1500 orationis
633 1432 786 1518 parte24)
807 1434 1079 1520 pluribusverbis
1103 1436 1268 1518 disseruit,
1291 1436 1357 1502 iarn

259 1542 294 1609 in
312 1544 443 1610 exordio
462 1542 602 1610 breviter
619 1544 740 1612 dixisse
759 1565 931 1628 eorumque
942 1545 1166 1612 auctoritatem
1183 1545 1357 1627 infringere

260 1652 422 1720 studuisse
444 1654 629 1721 Ciceronem
656 1660 789 1721 constat.
831 1656 916 1720 Nam
945 1654 988 1720 ad
1014 1675 1070 1721 eos
1087 1654 1257 1721 referenda
1285 1675 1358 1720 esse

259 1763 441 1846 fragmenta
459 1765 533 1832 (lus.
554 1770 634 1830 1-2
652 1763 930 1848 verisimillimum,
949 1768 1032 1831 3-5
1055 1771 1176 1831 certum
1195 1785 1266 1830 esse
1286 1784 1358 1831 con-

260 1872 364 1940 cedes.
407 1875 495 1942 Haec
517 1882 625 1942 autem
647 1876 829 1958 fragmenta
850 1885 924 1956 post
950 1894 1003 1957 ea,
1026 1894 1108 1958 quae
1129 1874 1216 1958 apud
1238 1874 1357 1940 Iulium

260 1981 421 2048 Victorem
455 1992 487 2050 et
515 1983 751 2065 Quintilianum
782 1984 990 2052 inveniuntur
1016 1984 1111 2050 etde
1142 1982 1259 2067 quibus
1290 1983 1356 2048 iarn

260 2093 381 2159 dictum
399 2101 457 2178 est,
475 2094 623 2179 ponenda
641 2115 714 2162 esse
732 2095 805 2162 ideo
823 2094 969 2179 arbitror,
987 2095 1072 2179 quod
1088 2091 1289 2178 probabilius
1307 2099 1357 2159 est

261 2201 446 2279 Ciceronem
462 2209 555 2286 prius
572 2204 613 2270 de
632 2213 784 2266 accusato
803 2204 893 2270 etde
911 2214 1098 2266 accusatore
1115 2199 1257 2270 locutum
1275 2223 1356 2285 esse,

260 2330 356 2394 quam
374 2312 416 2378 de
434 2312 573 2378 territos.
1257 2297 1260 2303 ’

344 2422 394 2488 De
417 2423 547 2490 exordio
569 2424 769 2492 Fonteianae
792 2424 874 2490 dixi:
898 2443 973 2507 age,
997 2424 1056 2507 sis,
1079 2443 1163 2492 nunc
1187 2423 1227 2488 de
1245 2443 1358 2486 corro-

261 2534 343 2592 tioce
356 2532 533 2616 videamus.
568 2533 666 2600 Cuius
680 2554 874 2618 quamquam
891 2554 956 2600 non
970 2517 1037 2600 nisi
1044 2533 1181 2616 exiguae
1189 2526 1359 2615 relliquiae

260 2648 461 2725 manserunt,
488 2648 596 2708 tamen
624 2663 664 2708 ex
690 2645 730 2710 iis
758 2645 838 2710 satis
863 2642 945 2710 bene
971 2643 1153 2727 perspicere
1179 2662 1359 2726 possumus,

261 2770 344 2834 quae
375 2751 485 2819 Cicero
514 2753 548 2820 in
579 2754 637 2821 illa
668 2753 791 2820 dixisse
825 2753 963 2840 videtum
1018 2752 1125 2834 Atque
1159 2752 1194 2818 id
1229 2753 1359 2835 quidem

260 2862 398 2946 primum
416 2870 551 2949 constat,
572 2886 645 2930 cum
662 2865 697 2930 in
714 2863 899 2930 narratione
916 2884 981 2929 non
998 2862 1102 2928 solum
1122 2882 1161 2926 ea
1178 2863 1359 2947 protulisse,

262 2992 344 3056 quae
367 2994 425 3057 per
449 2975 622 3040 triennium
645 2975 739 3059 illud,
762 2993 824 3056 quo
842 2972 997 3038 Fonteius
1015 2970 1143 3038 Galbae
1158 2971 1304 3056 'praefuit
1324 2974 1359 3040 in

261 3101 300 3146 ea
318 3082 485 3164 provincia
503 3089 595 3166 gesta
609 3091 710 3169 erant,
727 3103 838 3150 verum
854 3083 952 3148 etiam
966 3099 1023 3147 eas
1034 3078 1182 3162 attigisse
1200 3101 1260 3163 res,
1278 3102 1359 3164 quas

262 3190 317 3258 Cn.
344 3193 517 3276 Pompeius
544 3200 694 3278 superato
721 3193 845 3278 Lepido
872 3212 912 3258 ac
937 3195 1055 3276 pacata
1081 3189 1191 3256 Gallia
1222 3191 1256 3256 in
1287 3192 1359 3254 Hie-

256 3305 360 3382 paro'o
390 3310 537 3384 gesserat
563 3303 640 3370 inde
671 3302 713 3368 ab
739 3309 877 3370 exeunte
904 3322 990 3368 anno
1016 3291 1201 3386 67717725).
1253 3302 1359 3385 Ipsius

261 3416 368 3475 autern
394 3411 522 3478 Fonteii
550 3413 695 3496 singulas
720 3433 773 3480 res
799 3413 833 3478 in
860 3412 968 3478 Gallia
986 3415 1096 3494 gestas
1117 3409 1151 3476 in
1173 3411 1359 3478 narratione

262 3519 373 3586 ordine
392 3521 560 3588 edocuisse
578 3522 701 3588 iudices
720 3523 915 3604 Ciceronem,
932 3517 1079 3604 pluribus
1099 3538 1139 3584 ac
1158 3520 1254 3584 certis
1271 3522 1360 3586 testi·

261 3631 377 3696 moniis
412 3611 644 3716 comprobatur.
699 3633 842 3698 Primum
869 3633 938 3697 loco
964 3625 1241 3713 Fonteianae²⁶),
1268 3631 1360 3697 cuius

262 3760 364 3823 usque
389 3740 541 3808 adhunc
565 3741 651 3808 diem
677 3744 767 3810 nulla
789 3742 872 3807 ratio
898 3739 1027 3806 ridetur
1051 3735 1164 3803 habita
1187 3759 1268 3805 esse.
1310 3739 1360 3830 Ibi

332 3933 364 3978 24
410 3934 459 3978 .21
493 3933 557 3978 lls
595 3965 600 3976 .

332 3927 377 4076 151
394 3927 440 4064 {in
457 3925 631 4077 eigiqgus.
649 4017 673 4062 e.
692 4017 714 4074 t,
736 4009 849 4064 maxime
867 4014 955 4063 autem
973 4016 1003 4060 8:
1030 4005 1097 4071 „On
1115 4004 1246 4074 Pompeii.
1264 4005 1360 4060 summi

262 4096 428 4166 imperatoris
447 4110 478 4148 ac
494 4093 632 4147 fortissimi
647 4093 697 4148 riri
713 4099 817 4161 gestum
835 4099 876 4148 est
893 4089 1040 4146 subsidiis.“

332 4184 463 4254 crs-1³.
483 4179 527 4250 er·
